<?xml version="1.0" encoding="UTF-8"?>
<!DOCTYPE html PUBLIC "-//W3C//DTD XHTML 1.0 Transitional//EN"
    "http://www.w3.org/TR/xhtml1/DTD/xhtml1-transitional.dtd">
<html xmlns="http://www.w3.org/1999/xhtml" xml:lang="en" lang="en">
 <head>
  <title>
</title>
<meta http-equiv="Content-Type" content="text/html;charset=utf-8" />
  <meta name='ocr-system' content='tesseract 3.04.00' />
  <meta name='ocr-capabilities' content='ocr_page ocr_carea ocr_par ocr_line ocrx_word'/>
</head>
<body>
  <div class='ocr_page' id='page_1' title='image "4771771_0025.png"; bbox 0 0 1722 2442; ppageno 0'>
   <div class='ocr_carea' id='block_1_1' title="bbox 709 176 975 243">
    <p class='ocr_par' dir='ltr' id='par_1_1' title="bbox 709 176 975 243">
     <span class='ocr_line' id='line_1_1' title="bbox 709 176 975 243; baseline 0.004 -11"><span class='ocrx_word' id='word_1_1' title='bbox 709 176 975 243; x_wconf 49' lang='lat'><strong>425-</strong></span> 
     </span>
    </p>
   </div>
   <div class='ocr_carea' id='block_1_2' title="bbox 129 306 1541 741">
    <p class='ocr_par' dir='ltr' id='par_1_2' title="bbox 129 306 1541 741">
     <span class='ocr_line' id='line_1_2' title="bbox 139 306 1535 361; baseline 0.004 -16"><span class='ocrx_word' id='word_1_2' title='bbox 139 319 211 345; x_wconf 90' lang='lat' dir='ltr'><strong>non</strong></span> <span class='ocrx_word' id='word_1_3' title='bbox 231 309 425 357; x_wconf 82' lang='lat' dir='ltr'><strong>intelligat.</strong></span> <span class='ocrx_word' id='word_1_4' title='bbox 473 306 551 345; x_wconf 85' lang='lat' dir='ltr'><strong>Sed</strong></span> <span class='ocrx_word' id='word_1_5' title='bbox 574 310 612 343; x_wconf 91' lang='lat' dir='ltr'><strong>ut</strong></span> <span class='ocrx_word' id='word_1_6' title='bbox 632 308 784 345; x_wconf 84' lang='lat' dir='ltr'><strong>discedit</strong></span> <span class='ocrx_word' id='word_1_7' title='bbox 806 311 931 345; x_wconf 78' lang='lat' dir='ltr'>auctor</span> <span class='ocrx_word' id='word_1_8' title='bbox 953 308 1172 345; x_wconf 86' lang='lat' dir='ltr'><strong>aPlutarchi</strong></span> <span class='ocrx_word' id='word_1_9' title='bbox 1193 309 1239 346; x_wconf 90' lang='lat' dir='ltr'><strong>de</strong></span> <span class='ocrx_word' id='word_1_10' title='bbox 1262 320 1309 346; x_wconf 88' lang='lat' dir='ltr'><strong>ea</strong></span> <span class='ocrx_word' id='word_1_11' title='bbox 1330 321 1373 347; x_wconf 90' lang='lat' dir='ltr'><strong>re</strong></span> <span class='ocrx_word' id='word_1_12' title='bbox 1390 313 1535 361; x_wconf 78' lang='lat' dir='ltr'><strong>judicio,</strong></span> 
     </span>
     <span class='ocr_line' id='line_1_3' title="bbox 138 373 1539 415; baseline 0.003 -5"><span class='ocrx_word' id='word_1_13' title='bbox 138 375 190 410; x_wconf 86' lang='lat' dir='ltr'><strong>ita</strong></span> <span class='ocrx_word' id='word_1_14' title='bbox 211 384 289 411; x_wconf 92' lang='lat' dir='ltr'><strong>rem</strong></span> <span class='ocrx_word' id='word_1_15' title='bbox 307 373 437 410; x_wconf 85' lang='lat' dir='ltr'><strong>factam</strong></span> <span class='ocrx_word' id='word_1_16' title='bbox 460 382 545 408; x_wconf 87' lang='lat' dir='ltr'><strong>esse</strong></span> <span class='ocrx_word' id='word_1_17' title='bbox 569 373 763 410; x_wconf 83' lang='lat' dir='ltr'><strong>confirmat.</strong></span> <span class='ocrx_word' id='word_1_18' title='bbox 809 374 946 410; x_wconf 89' lang='lat' dir='ltr'><strong>Verum</strong></span> <span class='ocrx_word' id='word_1_19' title='bbox 968 383 1015 409; x_wconf 90' lang='lat' dir='ltr'><strong>ne</strong></span> <span class='ocrx_word' id='word_1_20' title='bbox 1037 374 1143 410; x_wconf 89' lang='lat' dir='ltr'><strong>unius</strong></span> <span class='ocrx_word' id='word_1_21' title='bbox 1159 374 1339 413; x_wconf 82' lang='lat' dir='ltr'><strong>Plutarchi</strong></span> <span class='ocrx_word' id='word_1_22' title='bbox 1361 388 1431 415; x_wconf 88' lang='lat' dir='ltr'><strong>nos</strong></span> <span class='ocrx_word' id='word_1_23' title='bbox 1455 377 1539 414; x_wconf 88' lang='lat' dir='ltr'><strong>fidei</strong></span> 
     </span>
     <span class='ocr_line' id='line_1_4' title="bbox 139 436 1541 490; baseline 0.002 -14"><span class='ocrx_word' id='word_1_24' title='bbox 139 439 337 476; x_wconf 87' lang='lat' dir='ltr'><strong>devovisse</strong></span> <span class='ocrx_word' id='word_1_25' title='bbox 361 436 574 484; x_wconf 79' lang='lat' dir='ltr'><strong>videamu&#39;r,</strong></span> <span class='ocrx_word' id='word_1_26' title='bbox 601 437 744 474; x_wconf 88' lang='lat' dir='ltr'><strong>tandem</strong></span> <span class='ocrx_word' id='word_1_27' title='bbox 778 441 818 474; x_wconf 91' lang='lat' dir='ltr'><strong>ut</strong></span> <span class='ocrx_word' id='word_1_28' title='bbox 850 447 961 475; x_wconf 89' lang='lat' dir='ltr'><strong>causa</strong></span> <span class='ocrx_word' id='word_1_29' title='bbox 992 437 1037 473; x_wconf 92' lang='lat' dir='ltr'><strong>ab</strong></span> <span class='ocrx_word' id='word_1_30' title='bbox 1067 438 1228 474; x_wconf 89' lang='lat' dir='ltr'><strong>omnibus</strong></span> <span class='ocrx_word' id='word_1_31' title='bbox 1250 442 1407 489; x_wconf 82' lang='lat' dir='ltr'>perspici</span> <span class='ocrx_word' id='word_1_32' title='bbox 1430 445 1541 490; x_wconf 79' lang='lat' dir='ltr'><strong>atque</strong></span> 
     </span>
     <span class='ocr_line' id='line_1_5' title="bbox 129 501 1541 551; baseline 0.002 -11"><span class='ocrx_word' id='word_1_33' title='bbox 129 502 330 551; x_wconf 31' lang='lat' dir='ltr'><strong>&#39;dijudicari</strong></span> <span class='ocrx_word' id='word_1_34' title='bbox 348 504 477 549; x_wconf 81' lang='lat' dir='ltr'><strong>queat,</strong></span> <span class='ocrx_word' id='word_1_35' title='bbox 500 512 545 538; x_wconf 82' lang='lat' dir='ltr'><strong>ea</strong></span> <span class='ocrx_word' id='word_1_36' title='bbox 567 510 658 548; x_wconf 85' lang='lat' dir='ltr'><strong>quae</strong></span> <span class='ocrx_word' id='word_1_37' title='bbox 680 504 791 549; x_wconf 82' lang='lat' dir='ltr'><strong>gesta</strong></span> <span class='ocrx_word' id='word_1_38' title='bbox 813 505 917 550; x_wconf 88' lang='lat' dir='ltr'><strong>sunt,</strong></span> <span class='ocrx_word' id='word_1_39' title='bbox 940 512 1014 538; x_wconf 89' lang='lat' dir='ltr'><strong>non</strong></span> <span class='ocrx_word' id='word_1_40' title='bbox 1029 511 1120 549; x_wconf 84' lang='lat' dir='ltr'><strong>quae</strong></span> <span class='ocrx_word' id='word_1_41' title='bbox 1136 501 1419 549; x_wconf 73' lang='lat' dir='ltr'><strong>probabilissima</strong></span> <span class='ocrx_word' id='word_1_42' title='bbox 1435 506 1541 543; x_wconf 89' lang='lat' dir='ltr'><strong>nobis</strong></span> 
     </span>
     <span class='ocr_line' id='line_1_6' title="bbox 139 563 1541 616; baseline 0.003 -14"><span class='ocrx_word' id='word_1_43' title='bbox 139 566 352 613; x_wconf 89' lang='lat' dir='ltr'><strong>videantur,</strong></span> <span class='ocrx_word' id='word_1_44' title='bbox 382 569 422 602; x_wconf 92' lang='lat' dir='ltr'><strong>ut</strong></span> <span class='ocrx_word' id='word_1_45' title='bbox 445 564 709 602; x_wconf 81' lang='lat' dir='ltr'><strong>AHRENSIO</strong></span> <span class='ocrx_word' id='word_1_46' title='bbox 732 566 865 612; x_wconf 86' lang='lat' dir='ltr'><strong>placuit</strong></span> <span class='ocrx_word' id='word_1_47' title='bbox 888 564 950 616; x_wconf 80' lang='lat' dir='ltr'><strong>[p.</strong></span> <span class='ocrx_word' id='word_1_48' title='bbox 974 563 1079 615; x_wconf 83' lang='lat'><strong>35.),</strong></span> <span class='ocrx_word' id='word_1_49' title='bbox 1113 566 1179 602; x_wconf 90' lang='lat' dir='ltr'><strong>sed</strong></span> <span class='ocrx_word' id='word_1_50' title='bbox 1217 576 1309 612; x_wconf 80' lang='lat' dir='ltr'><strong>quae</strong></span> <span class='ocrx_word' id='word_1_51' title='bbox 1340 574 1484 605; x_wconf 85' lang='lat' dir='ltr'><strong>narrata</strong></span> <span class='ocrx_word' id='word_1_52' title='bbox 1518 581 1541 606; x_wconf 84' lang='lat' dir='ltr'><strong>a</strong></span> 
     </span>
     <span class='ocr_line' id='line_1_7' title="bbox 140 629 1541 680; baseline 0.001 -14"><span class='ocrx_word' id='word_1_53' title='bbox 140 630 299 671; x_wconf 84' lang='lat' dir='ltr'><strong>diversis</strong></span> <span class='ocrx_word' id='word_1_54' title='bbox 322 629 559 677; x_wconf 84' lang='lat' dir='ltr'><strong>scriptoribus</strong></span> <span class='ocrx_word' id='word_1_55' title='bbox 595 629 663 665; x_wconf 90' lang='lat' dir='ltr'><strong>sibi</strong></span> <span class='ocrx_word' id='word_1_56' title='bbox 697 639 769 665; x_wconf 94' lang='lat' dir='ltr'><strong>non</strong></span> <span class='ocrx_word' id='word_1_57' title='bbox 792 631 1020 677; x_wconf 82' lang='lat' dir='ltr'><strong>repugnent,</strong></span> <span class='ocrx_word' id='word_1_58' title='bbox 1053 630 1190 666; x_wconf 81' lang='lat' dir='ltr'><strong>institui</strong></span> <span class='ocrx_word' id='word_1_59' title='bbox 1224 630 1403 680; x_wconf 80' lang='lat' dir='ltr'><strong>colligere</strong></span> <span class='ocrx_word' id='word_1_60' title='bbox 1437 635 1541 678; x_wconf 88' lang='lat' dir='ltr'><strong>atque</strong></span> 
     </span>
     <span class='ocr_line' id='line_1_8' title="bbox 138 693 761 741; baseline -0.005 -10"><span class='ocrx_word' id='word_1_61' title='bbox 138 695 305 731; x_wconf 89' lang='lat' dir='ltr'><strong>indicatis</strong></span> <span class='ocrx_word' id='word_1_62' title='bbox 332 694 537 730; x_wconf 89' lang='lat' dir='ltr'><strong>auctoribus</strong></span> <span class='ocrx_word' id='word_1_63' title='bbox 558 693 761 741; x_wconf 85' lang='lat' dir='ltr'><strong>disponere.</strong></span> 
     </span>
    </p>
   </div>
   <div class='ocr_carea' id='block_1_3' title="bbox 129 770 1549 1533">
    <p class='ocr_par' dir='ltr' id='par_1_3' title="bbox 129 770 1549 1533">
     <span class='ocr_line' id='line_1_9' title="bbox 229 770 1544 826; baseline 0.001 -12"><span class='ocrx_word' id='word_1_64' title='bbox 229 777 436 825; x_wconf 88' lang='lat' dir='ltr'><strong>Conjuratis</strong></span> <span class='ocrx_word' id='word_1_65' title='bbox 467 777 623 814; x_wconf 90' lang='lat' dir='ltr'><strong>Lentulo</strong></span> <span class='ocrx_word' id='word_1_66' title='bbox 655 775 820 826; x_wconf 82' lang='lat' dir='ltr'><strong>Cethego</strong></span> <span class='ocrx_word' id='word_1_67' title='bbox 855 770 1003 814; x_wconf 82' lang='lat' dir='ltr'><strong>Statilio</strong></span> <span class='ocrx_word' id='word_1_68' title='bbox 1038 777 1190 815; x_wconf 85' lang='lat' dir='ltr'><strong>Gabinio</strong></span> <span class='ocrx_word' id='word_1_69' title='bbox 1215 777 1378 826; x_wconf 86' lang='lat' dir='ltr'><strong>Coepario</strong></span> <span class='ocrx_word' id='word_1_70' title='bbox 1408 781 1454 825; x_wconf 83' lang='lat'><strong>¹0)</strong></span> <span class='ocrx_word' id='word_1_71' title='bbox 1496 789 1544 815; x_wconf 84' lang='lat' dir='ltr'><strong>ex</strong></span> 
     </span>
     <span class='ocr_line' id='line_1_10' title="bbox 139 828 1545 889; baseline -0.001 -10"><span class='ocrx_word' id='word_1_72' title='bbox 139 846 289 879; x_wconf 88' lang='lat' dir='ltr'><strong>senatus</strong></span> <span class='ocrx_word' id='word_1_73' title='bbox 309 828 455 879; x_wconf 87' lang='lat' dir='ltr'><strong>decreto</strong></span> <span class='ocrx_word' id='word_1_74' title='bbox 482 844 525 887; x_wconf 88' lang='lat'><strong>¹¹)</strong></span> <span class='ocrx_word' id='word_1_75' title='bbox 557 843 594 877; x_wconf 92' lang='lat' dir='ltr'><strong>in</strong></span> <span class='ocrx_word' id='word_1_76' title='bbox 616 842 763 877; x_wconf 88' lang='lat' dir='ltr'><strong>liberam</strong></span> <span class='ocrx_word' id='word_1_77' title='bbox 787 841 985 878; x_wconf 86' lang='lat' dir='ltr'><strong>custodiam</strong></span> <span class='ocrx_word' id='word_1_78' title='bbox 1007 842 1148 878; x_wconf 88' lang='lat' dir='ltr'><strong>traditis</strong></span> <span class='ocrx_word' id='word_1_79' title='bbox 1171 845 1242 888; x_wconf 93' lang='lat'><em>¹²),</em></span> <span class='ocrx_word' id='word_1_80' title='bbox 1278 843 1426 879; x_wconf 90' lang='lat' dir='ltr'><strong>Consuli</strong></span> <span class='ocrx_word' id='word_1_81' title='bbox 1460 843 1545 889; x_wconf 88' lang='lat' dir='ltr'><strong>quid</strong></span> 
     </span>
     <span class='ocr_line' id='line_1_11' title="bbox 139 902 1547 954; baseline 0 -11"><span class='ocrx_word' id='word_1_82' title='bbox 139 909 272 954; x_wconf 85' lang='lat' dir='ltr'><strong>ageret</strong></span> <span class='ocrx_word' id='word_1_83' title='bbox 294 905 469 942; x_wconf 88' lang='lat' dir='ltr'><strong>dubitanti</strong></span> <span class='ocrx_word' id='word_1_84' title='bbox 501 908 538 941; x_wconf 91' lang='lat' dir='ltr'><strong>et</strong></span> <span class='ocrx_word' id='word_1_85' title='bbox 563 906 744 942; x_wconf 86' lang='lat' dir='ltr'><strong>fluctuanti</strong></span> <span class='ocrx_word' id='word_1_86' title='bbox 763 907 811 952; x_wconf 75' lang='lat'><strong>¹³)</strong></span> <span class='ocrx_word' id='word_1_87' title='bbox 849 917 953 953; x_wconf 90' lang='lat' dir='ltr'><strong>quum</strong></span> <span class='ocrx_word' id='word_1_88' title='bbox 987 906 1142 943; x_wconf 80' lang='lat' dir='ltr'><strong>faustum</strong></span> <span class='ocrx_word' id='word_1_89' title='bbox 1165 917 1187 942; x_wconf 90' lang='lat' dir='ltr'><strong>a</strong></span> <span class='ocrx_word' id='word_1_90' title='bbox 1208 902 1416 951; x_wconf 82' lang='lat' dir='ltr'><strong>mulieribus</strong></span> <span class='ocrx_word' id='word_1_91' title='bbox 1441 916 1547 943; x_wconf 91' lang='lat' dir='ltr'><strong>omen</strong></span> 
     </span>
     <span class='ocr_line' id='line_1_12' title="bbox 138 970 1543 1019; baseline -0.001 -11"><span class='ocrx_word' id='word_1_92' title='bbox 138 973 321 1008; x_wconf 85' lang='lat' dir='ltr'><strong>nuntiatur</strong></span> <span class='ocrx_word' id='word_1_93' title='bbox 341 973 402 1019; x_wconf 78' lang='lat'><strong>¹⁴),</strong></span> <span class='ocrx_word' id='word_1_94' title='bbox 426 974 501 1007; x_wconf 89' lang='lat' dir='ltr'><strong>tum</strong></span> <span class='ocrx_word' id='word_1_95' title='bbox 515 970 679 1007; x_wconf 88' lang='lat' dir='ltr'><strong>indicium</strong></span> <span class='ocrx_word' id='word_1_96' title='bbox 695 971 874 1018; x_wconf 81' lang='lat' dir='ltr'><strong>defertur,</strong></span> <span class='ocrx_word' id='word_1_97' title='bbox 899 981 922 1007; x_wconf 86' lang='lat' dir='ltr'><strong>a</strong></span> <span class='ocrx_word' id='word_1_98' title='bbox 936 971 1080 1007; x_wconf 85' lang='lat' dir='ltr'><strong>Lentuli</strong></span> <span class='ocrx_word' id='word_1_99' title='bbox 1102 974 1140 1007; x_wconf 89' lang='lat' dir='ltr'><strong>et</strong></span> <span class='ocrx_word' id='word_1_100' title='bbox 1159 970 1319 1019; x_wconf 83' lang='lat' dir='ltr'><strong>Cethegi</strong></span> <span class='ocrx_word' id='word_1_101' title='bbox 1333 971 1475 1007; x_wconf 88' lang='lat' dir='ltr'><strong>libertis</strong></span> <span class='ocrx_word' id='word_1_102' title='bbox 1497 972 1543 1016; x_wconf 74' lang='lat'><strong>¹5)</strong></span> 
     </span>
     <span class='ocr_line' id='line_1_13' title="bbox 139 1034 1546 1082; baseline -0.001 -11"><span class='ocrx_word' id='word_1_103' title='bbox 139 1038 177 1070; x_wconf 91' lang='lat' dir='ltr'><strong>et</strong></span> <span class='ocrx_word' id='word_1_104' title='bbox 199 1037 324 1082; x_wconf 89' lang='lat' dir='ltr'><strong>paucis</strong></span> <span class='ocrx_word' id='word_1_105' title='bbox 347 1046 396 1071; x_wconf 87' lang='lat' dir='ltr'><strong>ex</strong></span> <span class='ocrx_word' id='word_1_106' title='bbox 420 1036 608 1071; x_wconf 90' lang='lat' dir='ltr'><strong>clientibus</strong></span> <span class='ocrx_word' id='word_1_107' title='bbox 630 1035 677 1080; x_wconf 91' lang='lat'><strong>¹⁶)</strong></span> <span class='ocrx_word' id='word_1_108' title='bbox 701 1036 886 1071; x_wconf 81' lang='lat' dir='ltr'><strong>sollicitari</strong></span> <span class='ocrx_word' id='word_1_109' title='bbox 909 1035 1058 1082; x_wconf 82' lang='lat' dir='ltr'><strong>opifices</strong></span> <span class='ocrx_word' id='word_1_110' title='bbox 1079 1037 1128 1080; x_wconf 85' lang='lat'><strong>¹⁷)</strong></span> <span class='ocrx_word' id='word_1_111' title='bbox 1160 1038 1199 1070; x_wconf 88' lang='lat' dir='ltr'><strong>et</strong></span> <span class='ocrx_word' id='word_1_112' title='bbox 1231 1036 1382 1072; x_wconf 87' lang='lat' dir='ltr'><strong>servitia</strong></span> <span class='ocrx_word' id='word_1_113' title='bbox 1403 1034 1473 1081; x_wconf 82' lang='lat'><strong>¹⁸),</strong></span> <span class='ocrx_word' id='word_1_114' title='bbox 1506 1039 1546 1070; x_wconf 91' lang='lat' dir='ltr'><strong>ut</strong></span> 
     </span>
     <span class='ocr_line' id='line_1_14' title="bbox 138 1099 1545 1147; baseline -0.001 -12"><span class='ocrx_word' id='word_1_115' title='bbox 138 1099 184 1136; x_wconf 88' lang='lat' dir='ltr'><strong>ad</strong></span> <span class='ocrx_word' id='word_1_116' title='bbox 206 1110 291 1137; x_wconf 92' lang='lat' dir='ltr'><strong>reos</strong></span> <span class='ocrx_word' id='word_1_117' title='bbox 312 1099 518 1137; x_wconf 89' lang='lat' dir='ltr'><strong>liberandos</strong></span> <span class='ocrx_word' id='word_1_118' title='bbox 540 1100 738 1147; x_wconf 87' lang='lat' dir='ltr'><strong>irrumpant</strong></span> <span class='ocrx_word' id='word_1_119' title='bbox 758 1101 818 1146; x_wconf 87' lang='lat'><strong>¹⁹).</strong></span> <span class='ocrx_word' id='word_1_120' title='bbox 865 1099 936 1136; x_wconf 90' lang='lat' dir='ltr'><strong>Ubi</strong></span> <span class='ocrx_word' id='word_1_121' title='bbox 959 1109 1004 1135; x_wconf 87' lang='lat' dir='ltr'><strong>ea</strong></span> <span class='ocrx_word' id='word_1_122' title='bbox 1026 1100 1147 1147; x_wconf 88' lang='lat' dir='ltr'><strong>parari</strong></span> <span class='ocrx_word' id='word_1_123' title='bbox 1169 1100 1345 1147; x_wconf 85' lang='lat' dir='ltr'><strong>cognovit</strong></span> <span class='ocrx_word' id='word_1_124' title='bbox 1362 1101 1422 1146; x_wconf 79' lang='lat'><strong>²⁰),</strong></span> <span class='ocrx_word' id='word_1_125' title='bbox 1445 1099 1545 1135; x_wconf 90' lang='lat' dir='ltr'><strong>Non.</strong></span> 
     </span>
     <span class='ocr_line' id='line_1_15' title="bbox 137 1162 1546 1212; baseline -0.001 -13"><span class='ocrx_word' id='word_1_126' title='bbox 137 1163 227 1199; x_wconf 89' lang='lat' dir='ltr'><strong>D&#39;ec.</strong></span> <span class='ocrx_word' id='word_1_127' title='bbox 253 1162 380 1199; x_wconf 87' lang='lat' dir='ltr'><strong>Cicero</strong></span> <span class='ocrx_word' id='word_1_128' title='bbox 403 1163 583 1210; x_wconf 73' lang='lat' dir='ltr'><strong>praesidiis</strong></span> <span class='ocrx_word' id='word_1_129' title='bbox 602 1163 788 1210; x_wconf 88' lang='lat' dir='ltr'><strong>dispositis</strong></span> <span class='ocrx_word' id='word_1_130' title='bbox 804 1166 851 1208; x_wconf 91' lang='lat'><strong>²¹)</strong></span> <span class='ocrx_word' id='word_1_131' title='bbox 875 1164 1007 1200; x_wconf 88' lang='lat' dir='ltr'><strong>clivum</strong></span> <span class='ocrx_word' id='word_1_132' title='bbox 1022 1165 1251 1212; x_wconf 89' lang='lat' dir='ltr'><strong>capitolinum</strong></span> <span class='ocrx_word' id='word_1_133' title='bbox 1266 1167 1304 1200; x_wconf 87' lang='lat' dir='ltr'><strong>et</strong></span> <span class='ocrx_word' id='word_1_134' title='bbox 1313 1165 1428 1199; x_wconf 86' lang='lat' dir='ltr'><strong>sorum</strong></span> <span class='ocrx_word' id='word_1_135' title='bbox 1445 1164 1546 1208; x_wconf 85' lang='lat' dir='ltr'><strong>equi-</strong></span> 
     </span>
     <span class='ocr_line' id='line_1_16' title="bbox 138 1222 1547 1276; baseline -0.001 -13"><span class='ocrx_word' id='word_1_136' title='bbox 138 1228 232 1263; x_wconf 90' lang='lat' dir='ltr'><strong>tibus</strong></span> <span class='ocrx_word' id='word_1_137' title='bbox 243 1229 397 1265; x_wconf 90' lang='lat' dir='ltr'><strong>munivit</strong></span> <span class='ocrx_word' id='word_1_138' title='bbox 413 1230 475 1275; x_wconf 81' lang='lat'><em>²²),</em></span> <span class='ocrx_word' id='word_1_139' title='bbox 490 1230 666 1276; x_wconf 84' lang='lat' dir='ltr'><strong>praetores</strong></span> <span class='ocrx_word' id='word_1_140' title='bbox 681 1229 850 1276; x_wconf 91' lang='lat' dir='ltr'><strong>populum</strong></span> <span class='ocrx_word' id='word_1_141' title='bbox 862 1227 907 1264; x_wconf 89' lang='lat' dir='ltr'><strong>ad</strong></span> <span class='ocrx_word' id='word_1_142' title='bbox 920 1222 1181 1265; x_wconf 72' lang='lat' dir='ltr'><strong>Sacramentum</strong></span> <span class='ocrx_word' id='word_1_143' title='bbox 1197 1227 1349 1276; x_wconf 84' lang='lat' dir='ltr'><strong>adigere</strong></span> <span class='ocrx_word' id='word_1_144' title='bbox 1357 1227 1470 1274; x_wconf 82' lang='lat' dir='ltr'><strong>J&#39;ussit</strong></span> <span class='ocrx_word' id='word_1_145' title='bbox 1484 1226 1547 1273; x_wconf 86' lang='lat'><em>²³),</em></span> 
     </span>
     <span class='ocr_line' id='line_1_17' title="bbox 130 1292 1547 1340; baseline -0.001 -11"><span class='ocrx_word' id='word_1_146' title='bbox 130 1294 284 1329; x_wconf 74' lang='lat' dir='ltr'><strong>vsenatui</strong></span> <span class='ocrx_word' id='word_1_147' title='bbox 305 1294 343 1331; x_wconf 92' lang='lat' dir='ltr'><strong>in</strong></span> <span class='ocrx_word' id='word_1_148' title='bbox 367 1292 482 1329; x_wconf 77' lang='lat' dir='ltr'><strong>sedem</strong></span> <span class='ocrx_word' id='word_1_149' title='bbox 505 1292 728 1330; x_wconf 77' lang='lat' dir='ltr'><strong>Concordiae</strong></span> <span class='ocrx_word' id='word_1_150' title='bbox 749 1295 816 1339; x_wconf 76' lang='lat'><strong>²⁴),</strong></span> <span class='ocrx_word' id='word_1_151' title='bbox 851 1303 942 1340; x_wconf 86' lang='lat' dir='ltr'><strong>quae</strong></span> <span class='ocrx_word' id='word_1_152' title='bbox 966 1293 1012 1329; x_wconf 92' lang='lat' dir='ltr'><strong>ad</strong></span> <span class='ocrx_word' id='word_1_153' title='bbox 1036 1293 1169 1329; x_wconf 90' lang='lat' dir='ltr'><strong>clivum</strong></span> <span class='ocrx_word' id='word_1_154' title='bbox 1193 1292 1433 1340; x_wconf 87' lang='lat' dir='ltr'><strong>Capitolinum</strong></span> <span class='ocrx_word' id='word_1_155' title='bbox 1455 1294 1547 1335; x_wconf 87' lang='lat' dir='ltr'><strong>erat,</strong></span> 
     </span>
     <span class='ocr_line' id='line_1_18' title="bbox 129 1354 1549 1405; baseline -0.002 -12"><span class='ocrx_word' id='word_1_156' title='bbox 129 1361 336 1394; x_wconf 85' lang='lat' dir='ltr'><strong>convocato</strong></span> <span class='ocrx_word' id='word_1_157' title='bbox 369 1359 492 1395; x_wconf 87' lang='lat' dir='ltr'><strong>retulit</strong></span> <span class='ocrx_word' id='word_1_158' title='bbox 517 1359 566 1404; x_wconf 74' lang='lat'><strong>²5)</strong></span> <span class='ocrx_word' id='word_1_159' title='bbox 598 1368 749 1405; x_wconf 89' lang='lat' dir='ltr'><strong>eumque</strong></span> <span class='ocrx_word' id='word_1_160' title='bbox 772 1361 868 1394; x_wconf 92' lang='lat' dir='ltr'><strong>metu</strong></span> <span class='ocrx_word' id='word_1_161' title='bbox 889 1360 927 1393; x_wconf 90' lang='lat' dir='ltr'><strong>et</strong></span> <span class='ocrx_word' id='word_1_162' title='bbox 947 1360 1087 1393; x_wconf 89' lang='lat' dir='ltr'><strong>terrore</strong></span> <span class='ocrx_word' id='word_1_163' title='bbox 1110 1357 1274 1404; x_wconf 87' lang='lat' dir='ltr'><strong>implevit</strong></span> <span class='ocrx_word' id='word_1_164' title='bbox 1293 1355 1356 1401; x_wconf 82' lang='lat'><strong>²⁶).</strong></span> <span class='ocrx_word' id='word_1_165' title='bbox 1403 1354 1549 1391; x_wconf 88' lang='lat' dir='ltr'><strong>Deinde</strong></span> 
     </span>
     <span class='ocr_line' id='line_1_19' title="bbox 136 1418 1549 1471; baseline -0.004 -12"><span class='ocrx_word' id='word_1_166' title='bbox 136 1424 259 1471; x_wconf 85' lang='lat' dir='ltr'><strong>rogati</strong></span> <span class='ocrx_word' id='word_1_167' title='bbox 281 1423 505 1468; x_wconf 89' lang='lat' dir='ltr'><strong>sententias,</strong></span> <span class='ocrx_word' id='word_1_168' title='bbox 528 1420 677 1458; x_wconf 86' lang='lat' dir='ltr'><strong>Silanus</strong></span> <span class='ocrx_word' id='word_1_169' title='bbox 697 1424 769 1466; x_wconf 82' lang='lat'><strong>²⁷),</strong></span> <span class='ocrx_word' id='word_1_170' title='bbox 792 1422 975 1466; x_wconf 82' lang='lat' dir='ltr'><strong>Muraena,</strong></span> <span class='ocrx_word' id='word_1_171' title='bbox 999 1420 1150 1456; x_wconf 86' lang='lat' dir='ltr'><strong>Catulus</strong></span> <span class='ocrx_word' id='word_1_172' title='bbox 1174 1423 1212 1456; x_wconf 92' lang='lat' dir='ltr'><strong>et</strong></span> <span class='ocrx_word' id='word_1_173' title='bbox 1236 1421 1349 1456; x_wconf 90' lang='lat' dir='ltr'><strong>ceteri</strong></span> <span class='ocrx_word' id='word_1_174' title='bbox 1370 1418 1419 1464; x_wconf 82' lang='lat'><strong>²⁸)</strong></span> <span class='ocrx_word' id='word_1_175' title='bbox 1433 1446 1442 1464; x_wconf 86' lang='lat'><em>,</em></span> <span class='ocrx_word' id='word_1_176' title='bbox 1463 1422 1549 1454; x_wconf 89' lang='lat' dir='ltr'><strong>ante</strong></span> 
     </span>
     <span class='ocr_line' id='line_1_20' title="bbox 138 1483 1547 1533; baseline -0.006 -8"><span class='ocrx_word' id='word_1_177' title='bbox 138 1487 334 1525; x_wconf 88' lang='lat' dir='ltr'><strong>Caesarem</strong></span> <span class='ocrx_word' id='word_1_178' title='bbox 357 1497 482 1525; x_wconf 88' lang='lat' dir='ltr'><strong>omnes</strong></span> <span class='ocrx_word' id='word_1_179' title='bbox 501 1488 569 1533; x_wconf 78' lang='lat'><strong>²⁹),</strong></span> <span class='ocrx_word' id='word_1_180' title='bbox 600 1486 646 1522; x_wconf 88' lang='lat' dir='ltr'><strong>de</strong></span> <span class='ocrx_word' id='word_1_181' title='bbox 669 1486 724 1522; x_wconf 91' lang='lat' dir='ltr'><strong>his</strong></span> <span class='ocrx_word' id='word_1_182' title='bbox 747 1487 806 1533; x_wconf 88' lang='lat' dir='ltr'><strong>qui</strong></span> <span class='ocrx_word' id='word_1_183' title='bbox 829 1484 1045 1531; x_wconf 85' lang='lat' dir='ltr'><strong>deprehensi</strong></span> <span class='ocrx_word' id='word_1_184' title='bbox 1058 1487 1203 1529; x_wconf 79' lang='lat' dir='ltr'><strong>,essent</strong></span> <span class='ocrx_word' id='word_1_185' title='bbox 1236 1483 1447 1530; x_wconf 87' lang='lat' dir='ltr'><strong>supplicium</strong></span> <span class='ocrx_word' id='word_1_186' title='bbox 1483 1494 1547 1517; x_wconf 90' lang='lat' dir='ltr'><strong>su-</strong></span> 
     </span>
    </p>
   </div>
   <div class='ocr_carea' id='block_1_4' title="bbox 141 1582 397 1588">
    <p class='ocr_par' dir='ltr' id='par_1_4' title="bbox 141 1582 397 1588">
     <span class='ocr_line' id='line_1_21' title="bbox 141 1582 397 1588; baseline 0 0"><span class='ocrx_word' id='word_1_187' title='bbox 141 1582 397 1588; x_wconf 95' lang='lat' dir='ltr'><strong> </strong></span> 
     </span>
    </p>
   </div>
   <div class='ocr_carea' id='block_1_5' title="bbox 176 1642 1553 2072">
    <p class='ocr_par' dir='ltr' id='par_1_5' title="bbox 176 1642 1553 2072">
     <span class='ocr_line' id='line_1_22' title="bbox 176 1642 1546 1682; baseline -0.005 -5"><span class='ocrx_word' id='word_1_188' title='bbox 176 1647 212 1680; x_wconf 80' lang='grc'><strong>10)</strong></span> <span class='ocrx_word' id='word_1_189' title='bbox 231 1649 341 1677; x_wconf 85' lang='lat' dir='ltr'><strong>omnes</strong></span> <span class='ocrx_word' id='word_1_190' title='bbox 356 1649 510 1676; x_wconf 85' lang='lat' dir='ltr'><strong>enumerat</strong></span> <span class='ocrx_word' id='word_1_191' title='bbox 524 1648 586 1676; x_wconf 82' lang='lat' dir='ltr'><strong>Sal.</strong></span> <span class='ocrx_word' id='word_1_192' title='bbox 601 1647 667 1677; x_wconf 86' lang='lat' dir='ltr'><strong>Cat.</strong></span> <span class='ocrx_word' id='word_1_193' title='bbox 684 1645 729 1676; x_wconf 76' lang='grc'><strong>47.</strong></span> <span class='ocrx_word' id='word_1_194' title='bbox 752 1648 877 1682; x_wconf 80' lang='lat' dir='ltr'><strong>Aliquot</strong></span> <span class='ocrx_word' id='word_1_195' title='bbox 899 1647 979 1676; x_wconf 86' lang='lat' dir='ltr'><strong>Plut.</strong></span> <span class='ocrx_word' id='word_1_196' title='bbox 995 1645 1061 1673; x_wconf 81' lang='lat' dir='ltr'><strong>Cat.</strong></span> <span class='ocrx_word' id='word_1_197' title='bbox 1071 1645 1115 1672; x_wconf 85' lang='lat'><strong>22.</strong></span> <span class='ocrx_word' id='word_1_198' title='bbox 1134 1645 1215 1672; x_wconf 81' lang='lat' dir='ltr'><strong>vell.</strong></span> <span class='ocrx_word' id='word_1_199' title='bbox 1228 1647 1266 1681; x_wconf 86' lang='lat'><strong>11,</strong></span> <span class='ocrx_word' id='word_1_200' title='bbox 1278 1644 1324 1672; x_wconf 77' lang='lat'><strong>3¹1.</strong></span> <span class='ocrx_word' id='word_1_201' title='bbox 1362 1642 1396 1675; x_wconf 80' lang='grc'><strong>11)</strong></span> <span class='ocrx_word' id='word_1_202' title='bbox 1416 1645 1455 1669; x_wconf 83' lang='lat' dir='ltr'><strong>id.</strong></span> <span class='ocrx_word' id='word_1_203' title='bbox 1469 1643 1546 1670; x_wconf 73' lang='lat' dir='ltr'><strong>Plut.</strong></span> 
     </span>
     <span class='ocr_line' id='line_1_23' title="bbox 245 1693 1549 1733; baseline -0.007 -7"><span class='ocrx_word' id='word_1_204' title='bbox 245 1699 311 1728; x_wconf 84' lang='lat' dir='ltr'><strong>Cic.</strong></span> <span class='ocrx_word' id='word_1_205' title='bbox 325 1700 370 1727; x_wconf 79' lang='lat'><strong>19.</strong></span> <span class='ocrx_word' id='word_1_206' title='bbox 410 1697 447 1730; x_wconf 80' lang='lat'><strong>¹²)</strong></span> <span class='ocrx_word' id='word_1_207' title='bbox 466 1698 546 1731; x_wconf 78' lang='lat' dir='ltr'><strong>apud</strong></span> <span class='ocrx_word' id='word_1_208' title='bbox 558 1698 721 1732; x_wconf 70' lang='lat' dir='ltr'><strong>Praetores,</strong></span> <span class='ocrx_word' id='word_1_209' title='bbox 739 1697 821 1725; x_wconf 85' lang='lat' dir='ltr'><strong>Plut.</strong></span> <span class='ocrx_word' id='word_1_210' title='bbox 836 1697 877 1733; x_wconf 68' lang='lat' dir='ltr'><strong>ib.⁴</strong></span> <span class='ocrx_word' id='word_1_211' title='bbox 885 1697 1005 1730; x_wconf 56' lang='lat' dir='ltr'><strong>Appii.</strong></span> <span class='ocrx_word' id='word_1_212' title='bbox 1016 1695 1081 1724; x_wconf 86' lang='lat' dir='ltr'><strong>Civ.</strong></span> <span class='ocrx_word' id='word_1_213' title='bbox 1095 1696 1132 1729; x_wconf 88' lang='grc' dir='ltr'><strong>Π,</strong></span> <span class='ocrx_word' id='word_1_214' title='bbox 1151 1696 1177 1722; x_wconf 80' lang='grc'><strong>6.</strong></span> <span class='ocrx_word' id='word_1_215' title='bbox 1196 1695 1274 1728; x_wconf 85' lang='lat' dir='ltr'><strong>apud</strong></span> <span class='ocrx_word' id='word_1_216' title='bbox 1288 1693 1367 1720; x_wconf 83' lang='lat' dir='ltr'><strong>alios</strong></span> <span class='ocrx_word' id='word_1_217' title='bbox 1382 1694 1549 1724; x_wconf 80' lang='lat' dir='ltr'><strong>senatores,</strong></span> 
     </span>
     <span class='ocr_line' id='line_1_24' title="bbox 244 1738 1548 1779; baseline -0.006 -4"><span class='ocrx_word' id='word_1_218' title='bbox 244 1748 307 1775; x_wconf 81' lang='lat' dir='ltr'><strong>Sal.</strong></span> <span class='ocrx_word' id='word_1_219' title='bbox 324 1748 371 1774; x_wconf 85' lang='lat' dir='ltr'><strong>De</strong></span> <span class='ocrx_word' id='word_1_220' title='bbox 384 1746 521 1775; x_wconf 78' lang='lat' dir='ltr'><strong>domibus</strong></span> <span class='ocrx_word' id='word_1_221' title='bbox 534 1746 678 1773; x_wconf 82' lang='lat' dir='ltr'><strong>nihilDio</strong></span> <span class='ocrx_word' id='word_1_222' title='bbox 691 1746 838 1779; x_wconf 82' lang='lat' dir='ltr'><strong>XXXVII,</strong></span> <span class='ocrx_word' id='word_1_223' title='bbox 849 1746 894 1774; x_wconf 81' lang='lat'><strong>3⁵.</strong></span> <span class='ocrx_word' id='word_1_224' title='bbox 935 1742 972 1776; x_wconf 81' lang='lat'><strong>¹³)</strong></span> <span class='ocrx_word' id='word_1_225' title='bbox 990 1744 1068 1771; x_wconf 85' lang='lat' dir='ltr'><strong>Plut.</strong></span> <span class='ocrx_word' id='word_1_226' title='bbox 1108 1738 1144 1775; x_wconf 68' lang='lat'><strong>¹4)</strong></span> <span class='ocrx_word' id='word_1_227' title='bbox 1164 1744 1243 1771; x_wconf 84' lang='lat' dir='ltr'><strong>Plut.</strong></span> <span class='ocrx_word' id='word_1_228' title='bbox 1260 1744 1306 1770; x_wconf 90' lang='lat'><strong>20.</strong></span> <span class='ocrx_word' id='word_1_229' title='bbox 1324 1743 1392 1769; x_wconf 88' lang='lat' dir='ltr'><strong>Dio.</strong></span> <span class='ocrx_word' id='word_1_230' title='bbox 1436 1740 1472 1772; x_wconf 77' lang='lat'><strong>¹⁵]</strong></span> <span class='ocrx_word' id='word_1_231' title='bbox 1487 1741 1548 1767; x_wconf 77' lang='lat' dir='ltr'><strong>Sal.</strong></span> 
     </span>
     <span class='ocr_line' id='line_1_25' title="bbox 246 1790 1548 1831; baseline -0.005 -5"><span class='ocrx_word' id='word_1_232' title='bbox 246 1799 291 1826; x_wconf 86' lang='lat'><strong>50.</strong></span> <span class='ocrx_word' id='word_1_233' title='bbox 310 1798 387 1831; x_wconf 77' lang='lat' dir='ltr'><strong>App.</strong></span> <span class='ocrx_word' id='word_1_234' title='bbox 405 1797 476 1825; x_wconf 86' lang='lat' dir='ltr'><strong>Dio.</strong></span> <span class='ocrx_word' id='word_1_235' title='bbox 516 1793 555 1827; x_wconf 77' lang='lat'><strong>¹⁶)</strong></span> <span class='ocrx_word' id='word_1_236' title='bbox 574 1795 637 1824; x_wconf 78' lang='lat' dir='ltr'><strong>Sal.</strong></span> <span class='ocrx_word' id='word_1_237' title='bbox 680 1794 716 1828; x_wconf 87' lang='lat'><strong>¹⁷)</strong></span> <span class='ocrx_word' id='word_1_238' title='bbox 735 1795 799 1823; x_wconf 83' lang='lat' dir='ltr'><strong>Sal.</strong></span> <span class='ocrx_word' id='word_1_239' title='bbox 819 1795 898 1828; x_wconf 78' lang='lat' dir='ltr'><strong>App.</strong></span> <span class='ocrx_word' id='word_1_240' title='bbox 937 1792 974 1825; x_wconf 81' lang='lat'><strong>¹8)</strong></span> <span class='ocrx_word' id='word_1_241' title='bbox 992 1793 1032 1822; x_wconf 88' lang='lat' dir='ltr'><strong>ib.</strong></span> <span class='ocrx_word' id='word_1_242' title='bbox 1053 1792 1122 1821; x_wconf 81' lang='lat' dir='ltr'><strong>Dio.</strong></span> <span class='ocrx_word' id='word_1_243' title='bbox 1164 1790 1200 1823; x_wconf 75' lang='lat'><strong>¹⁹)</strong></span> <span class='ocrx_word' id='word_1_244' title='bbox 1219 1792 1259 1818; x_wconf 80' lang='lat' dir='ltr'><strong>ib.</strong></span> <span class='ocrx_word' id='word_1_245' title='bbox 1295 1790 1337 1823; x_wconf 81' lang='lat'><strong>²⁰)</strong></span> <span class='ocrx_word' id='word_1_246' title='bbox 1356 1790 1419 1819; x_wconf 76' lang='lat' dir='ltr'><strong>Cic.</strong></span> <span class='ocrx_word' id='word_1_247' title='bbox 1433 1791 1471 1817; x_wconf 79' lang='lat' dir='ltr'><strong>ad</strong></span> <span class='ocrx_word' id='word_1_248' title='bbox 1486 1792 1548 1819; x_wconf 67' lang='grc' dir='ltr'><strong>Λα.</strong></span> 
     </span>
     <span class='ocr_line' id='line_1_26' title="bbox 245 1840 1550 1887; baseline -0.008 -12"><span class='ocrx_word' id='word_1_249' title='bbox 245 1850 270 1883; x_wconf 85' lang='lat'><strong>1,</strong></span> <span class='ocrx_word' id='word_1_250' title='bbox 285 1847 329 1878; x_wconf 85' lang='lat'><strong>19.</strong></span> <span class='ocrx_word' id='word_1_251' title='bbox 346 1848 382 1881; x_wconf 81' lang='lat' dir='ltr'><strong>X,</strong></span> <span class='ocrx_word' id='word_1_252' title='bbox 398 1847 423 1875; x_wconf 82' lang='lat'><strong>1.</strong></span> <span class='ocrx_word' id='word_1_253' title='bbox 443 1847 482 1873; x_wconf 83' lang='lat' dir='ltr'><strong>ad</strong></span> <span class='ocrx_word' id='word_1_254' title='bbox 498 1846 566 1872; x_wconf 88' lang='lat' dir='ltr'><strong>Div.</strong></span> <span class='ocrx_word' id='word_1_255' title='bbox 585 1846 609 1880; x_wconf 81' lang='lat'><strong>1,</strong></span> <span class='ocrx_word' id='word_1_256' title='bbox 625 1847 652 1874; x_wconf 78' lang='lat'><strong>9.</strong></span> <span class='ocrx_word' id='word_1_257' title='bbox 668 1845 714 1874; x_wconf 81' lang='lat'><strong>28.</strong></span> <span class='ocrx_word' id='word_1_258' title='bbox 732 1867 735 1868; x_wconf 19' lang='grc' dir='ltr'><em>γ</em></span> <span class='ocrx_word' id='word_1_259' title='bbox 752 1843 790 1875; x_wconf 84' lang='lat'><strong>2¹)</strong></span> <span class='ocrx_word' id='word_1_260' title='bbox 808 1844 872 1871; x_wconf 83' lang='lat' dir='ltr'><strong>Sal.</strong></span> <span class='ocrx_word' id='word_1_261' title='bbox 893 1844 971 1877; x_wconf 77' lang='lat' dir='ltr'><strong>App.</strong></span> <span class='ocrx_word' id='word_1_262' title='bbox 1009 1841 1050 1874; x_wconf 80' lang='lat'><strong>²²)</strong></span> <span class='ocrx_word' id='word_1_263' title='bbox 1070 1842 1133 1869; x_wconf 85' lang='lat' dir='ltr'><strong>Cic.</strong></span> <span class='ocrx_word' id='word_1_264' title='bbox 1147 1843 1185 1869; x_wconf 87' lang='lat' dir='ltr'><strong>ad</strong></span> <span class='ocrx_word' id='word_1_265' title='bbox 1197 1843 1261 1870; x_wconf 70' lang='grc' dir='ltr'><strong>Λα.</strong></span> <span class='ocrx_word' id='word_1_266' title='bbox 1276 1842 1314 1876; x_wconf 83' lang='lat'><strong>11,</strong></span> <span class='ocrx_word' id='word_1_267' title='bbox 1330 1842 1355 1871; x_wconf 78' lang='lat' dir='ltr'><strong>l,</strong></span> <span class='ocrx_word' id='word_1_268' title='bbox 1369 1843 1395 1867; x_wconf 92' lang='grc'><strong>7.</strong></span> <span class='ocrx_word' id='word_1_269' title='bbox 1416 1840 1491 1867; x_wconf 80' lang='lat' dir='ltr'><strong>Phil.</strong></span> <span class='ocrx_word' id='word_1_270' title='bbox 1511 1841 1550 1887; x_wconf 56' lang='grc' dir='ltr'><strong>Π,</strong></span> 
     </span>
     <span class='ocr_line' id='line_1_27' title="bbox 249 1884 1551 1929; baseline -0.008 -4"><span class='ocrx_word' id='word_1_271' title='bbox 249 1899 275 1924; x_wconf 87' lang='grc'><strong>’1.</strong></span> <span class='ocrx_word' id='word_1_272' title='bbox 297 1898 339 1925; x_wconf 76' lang='lat'><strong>13.</strong></span> <span class='ocrx_word' id='word_1_273' title='bbox 374 1893 415 1927; x_wconf 77' lang='lat'><strong>²³)</strong></span> <span class='ocrx_word' id='word_1_274' title='bbox 433 1895 491 1921; x_wconf 88' lang='lat' dir='ltr'><strong>Dio</strong></span> <span class='ocrx_word' id='word_1_275' title='bbox 502 1909 539 1914; x_wconf 98' lang='lat'><strong>—</strong></span> <span class='ocrx_word' id='word_1_276' title='bbox 551 1894 618 1929; x_wconf 81' lang='lat' dir='ltr'><strong>„Ex</strong></span> <span class='ocrx_word' id='word_1_277' title='bbox 632 1895 718 1920; x_wconf 83' lang='lat' dir='ltr'><strong>curia</strong></span> <span class='ocrx_word' id='word_1_278' title='bbox 733 1893 878 1919; x_wconf 82' lang='lat' dir='ltr'><strong>discurrit</strong></span> <span class='ocrx_word' id='word_1_279' title='bbox 889 1905 925 1911; x_wconf 89' lang='lat'>—</span> <span class='ocrx_word' id='word_1_280' title='bbox 937 1891 1040 1918; x_wconf 83' lang='lat' dir='ltr'><strong>statim</strong></span> <span class='ocrx_word' id='word_1_281' title='bbox 1054 1889 1152 1917; x_wconf 87' lang='lat' dir='ltr'><strong>redit&#39;’</strong></span> <span class='ocrx_word' id='word_1_282' title='bbox 1170 1892 1247 1925; x_wconf 79' lang='lat' dir='ltr'><strong>App.</strong></span> <span class='ocrx_word' id='word_1_283' title='bbox 1260 1890 1332 1919; x_wconf 77' lang='lat' dir='ltr'><strong>fals.</strong></span> <span class='ocrx_word' id='word_1_284' title='bbox 1369 1884 1411 1924; x_wconf 80' lang='lat'><strong>²⁴²)</strong></span> <span class='ocrx_word' id='word_1_285' title='bbox 1430 1889 1493 1915; x_wconf 85' lang='lat' dir='ltr'><strong>Sal.</strong></span> <span class='ocrx_word' id='word_1_286' title='bbox 1506 1885 1551 1916; x_wconf 76' lang='lat'><strong>49.</strong></span> 
     </span>
     <span class='ocr_line' id='line_1_28' title="bbox 249 1938 1551 1976; baseline -0.007 -2"><span class='ocrx_word' id='word_1_287' title='bbox 249 1947 323 1976; x_wconf 77' lang='lat' dir='ltr'><strong>coll.</strong></span> <span class='ocrx_word' id='word_1_288' title='bbox 344 1947 428 1975; x_wconf 76' lang='lat' dir='ltr'><strong>suet.</strong></span> <span class='ocrx_word' id='word_1_289' title='bbox 447 1945 524 1973; x_wconf 80' lang='lat' dir='ltr'><strong>Caes.</strong></span> <span class='ocrx_word' id='word_1_290' title='bbox 540 1942 581 1973; x_wconf 75' lang='grc' dir='ltr'><strong>Μ.</strong></span> <span class='ocrx_word' id='word_1_291' title='bbox 600 1944 681 1973; x_wconf 77' lang='lat' dir='ltr'><strong>Plut.</strong></span> <span class='ocrx_word' id='word_1_292' title='bbox 704 1945 746 1972; x_wconf 74' lang='lat'><strong>10.</strong></span> <span class='ocrx_word' id='word_1_293' title='bbox 763 1942 892 1976; x_wconf 79' lang='lat' dir='ltr'><strong>Philipp.</strong></span> <span class='ocrx_word' id='word_1_294' title='bbox 907 1942 945 1976; x_wconf 84' lang='lat'><strong>11,</strong></span> <span class='ocrx_word' id='word_1_295' title='bbox 958 1943 986 1970; x_wconf 85' lang='lat'><strong>8.</strong></span> <span class='ocrx_word' id='word_1_296' title='bbox 1001 1938 1046 1969; x_wconf 79' lang='grc'><strong>46.</strong></span> <span class='ocrx_word' id='word_1_297' title='bbox 1082 1939 1122 1973; x_wconf 81' lang='grc'><strong>25)</strong></span> <span class='ocrx_word' id='word_1_298' title='bbox 1142 1941 1207 1969; x_wconf 84' lang='lat' dir='ltr'><strong>Sal.</strong></span> <span class='ocrx_word' id='word_1_299' title='bbox 1228 1941 1285 1967; x_wconf 88' lang='lat' dir='ltr'><strong>Dio</strong></span> <span class='ocrx_word' id='word_1_300' title='bbox 1310 1942 1385 1975; x_wconf 83' lang='lat' dir='ltr'><strong>App.</strong></span> <span class='ocrx_word' id='word_1_301' title='bbox 1423 1938 1462 1971; x_wconf 78' lang='lat'><strong>2⁸)</strong></span> <span class='ocrx_word' id='word_1_302' title='bbox 1482 1939 1551 1965; x_wconf 87' lang='lat' dir='ltr'><strong>Dio.</strong></span> 
     </span>
     <span class='ocr_line' id='line_1_29' title="bbox 247 1987 1553 2032; baseline -0.007 -7"><span class='ocrx_word' id='word_1_303' title='bbox 247 1993 290 2032; x_wconf 81' lang='lat'><strong>²⁷)</strong></span> <span class='ocrx_word' id='word_1_304' title='bbox 310 1997 374 2026; x_wconf 79' lang='lat' dir='ltr'><strong>Sal.</strong></span> <span class='ocrx_word' id='word_1_305' title='bbox 389 1996 453 2024; x_wconf 79' lang='lat' dir='ltr'><strong>Cic.</strong></span> <span class='ocrx_word' id='word_1_306' title='bbox 465 1996 545 2024; x_wconf 78' lang='lat' dir='ltr'><strong>mut.</strong></span> <span class='ocrx_word' id='word_1_307' title='bbox 560 1995 603 2023; x_wconf 84' lang='lat'><strong>20.</strong></span> <span class='ocrx_word' id='word_1_308' title='bbox 623 1995 698 2027; x_wconf 75' lang='lat' dir='ltr'><strong>Am».</strong></span> <span class='ocrx_word' id='word_1_309' title='bbox 735 1990 777 2030; x_wconf 77' lang='lat'><strong>²⁸)</strong></span> <span class='ocrx_word' id='word_1_310' title='bbox 797 1992 926 2026; x_wconf 76' lang='lat' dir='ltr'><strong>Philipp.</strong></span> <span class='ocrx_word' id='word_1_311' title='bbox 946 1993 984 2026; x_wconf 85' lang='lat'><strong>11,</strong></span> <span class='ocrx_word' id='word_1_312' title='bbox 1005 1991 1031 2020; x_wconf 89' lang='lat'><strong>5.</strong></span> <span class='ocrx_word' id='word_1_313' title='bbox 1051 1992 1088 2018; x_wconf 82' lang='lat' dir='ltr'><strong>ad</strong></span> <span class='ocrx_word' id='word_1_314' title='bbox 1107 1991 1243 2022; x_wconf 77' lang='lat' dir='ltr'><strong>Att.xn‚</strong></span> <span class='ocrx_word' id='word_1_315' title='bbox 1257 1990 1301 2016; x_wconf 81' lang='lat'><strong>21.</strong></span> <span class='ocrx_word' id='word_1_316' title='bbox 1339 1987 1378 2020; x_wconf 80' lang='lat'><strong>²⁹)</strong></span> <span class='ocrx_word' id='word_1_317' title='bbox 1398 1990 1457 2016; x_wconf 85' lang='lat' dir='ltr'><strong>Dio</strong></span> <span class='ocrx_word' id='word_1_318' title='bbox 1475 1989 1553 2016; x_wconf 73' lang='lat' dir='ltr'><strong>Plut-</strong></span> 
     </span>
     <span class='ocr_line' id='line_1_30' title="bbox 250 2044 413 2072; baseline -0.006 0"><span class='ocrx_word' id='word_1_319' title='bbox 250 2044 327 2072; x_wconf 65' lang='grc' dir='ltr'><strong>σε..</strong></span> <span class='ocrx_word' id='word_1_320' title='bbox 345 2048 372 2072; x_wconf 90' lang='grc'><strong>7.</strong></span> <span class='ocrx_word' id='word_1_321' title='bbox 411 2049 413 2053; x_wconf 85' lang='grc'><strong>’</strong></span> 
     </span>
    </p>
   </div>
   <div class='ocr_carea' id='block_1_6' title="bbox 1313 2097 1335 2129">
    <p class='ocr_par' dir='ltr' id='par_1_6' title="bbox 1313 2097 1335 2129">
     <span class='ocr_line' id='line_1_31' title="bbox 1313 2097 1335 2129; baseline 0 0"><span class='ocrx_word' id='word_1_322' title='bbox 1313 2097 1335 2129; x_wconf 85' lang='grc'>4</span> 
     </span>
    </p>
   </div>
  </div>
 </body>
</html>
