1722 2442
314 255 583 305 Quaestionum
611 252 964 295 Ciceronianarum
991 254 1196 295 Particula
1221 256 1358 309 prima.

758 353 938 367 —ow—

131 418 304 485 Magna
323 436 392 470 hoc
414 437 575 481 tempore
599 437 657 470 est
679 434 856 471 hominum
887 434 1043 482 antiquis
1073 435 1190 470 literis
1213 437 1428 473 eruditorum
1448 445 1538 472 eon-

135 501 249 537 tentio
293 498 546 545 inquirentium
584 508 708 534 veram
753 500 1032 546 uniuscnjusque
1072 499 1152 535 libri
1186 500 1323 535 veteris
1360 501 1539 550 originem

135 565 244 611 atque
265 562 523 600 auctoritatem.
570 562 651 599 Hoc
684 571 805 610 genus
836 564 874 599 in
903 562 1081 599 Cicerone
1103 562 1310 599 felicissime
1333 565 1540 610 auspicatus

136 628 195 663 est
213 626 256 662 F.
279 627 326 662 A.
349 626 577 672 Wolsius,
618 626 835 662 clarissimus
868 626 930 662 ille
964 626 1227 675 philologorum
1264 627 1457 675 princeps,
1482 628 1540 673 qui

137 702 241 738 quum
264 690 445 727 orationes
460 691 552 726 istas
575 692 744 738 quatuor,
766 690 1025 727 aMarklandio
1041 690 1269 727 addubitatas
1293 688 1410 740 („pro
1425 690 1541 736 domo,

137 757 220 801 post
242 754 395 790 reditum
417 755 455 789 in
478 753 640 798 Senatu,
675 753 721 788 ad
745 753 923 799 Quirites,
958 753 1004 788 de
1028 754 1264 800 'haruspicum
1294 750 1543 802 responsis”),

138 820 176 852 et
197 817 300 852 brevi
322 819 452 864 postea
476 817 654 864 quintam,
679 826 757 863 quae
773 827 837 864 pro
853 816 1028 852 Marcello
1046 819 1115 864 est,
1140 827 1264 853 omnes
1288 818 1431 865 spurias
1455 827 1542 854 esse

138 882 343 928 docuisset,
375 881 456 916 fusa
487 880 636 926 quadam
668 890 716 915 ex
749 884 911 927 tempore
944 881 1149 927 suspicione
1172 882 1307 928 primus
1328 881 1375 916 de
1397 882 1543 928 origine

139 946 337 981 orationum
349 969 360 990 ,
383 954 472 990 quas
489 943 720 979 Catilium-ias
734 946 887 987 vocant,
911 944 1019 978 etiam
1036 944 1286 980 nonnullorum
1302 944 1544 980 dubitationes

138 1009 262 1046 movit.
306 1008 461 1056 Jamque
484 1010 562 1055 eJus
585 1008 646 1043 alii
668 1008 830 1055 vestigia
852 1006 971 1054 cupidi
992 1008 1121 1055 legere
1157 1012 1359 1055 coeperunt:
1395 1019 1543 1056 quorum

138 1073 371 1109 novissimam
399 1073 437 1107 in
472 1071 539 1106 hac
567 1081 609 1106 re
645 1081 791 1117 operam
823 1081 917 1106 nunc
950 1070 1035 1106 data
1063 1073 1251 1108 occasione
1283 1072 1445 1108 breviter
1475 1082 1544 1107 nos

139 1134 424 1183 percensendam
446 1126 679 1180 suscepimus.

230 1197 308 1235 Sed
331 1209 437 1234 unum
460 1200 536 1244 est,
560 1198 654 1244 quod
676 1208 926 1244 praemoneam.
966 1198 1083 1234 Sicuti
1099 1200 1192 1234 enim
1206 1201 1306 1234 recte
1321 1199 1542 1234 recentiores

141 1263 277 1310 critici,
309 1262 368 1310 qui
391 1261 506 1297 verba
529 1264 566 1297 et
589 1271 790 1297 sermonem
813 1263 1026 1309 scriptorum
1049 1265 1212 1298 veterum
1237 1263 1438 1308 excutiunt,
1473 1272 1544 1297 ve-

141 1331 257 1363 terum
281 1326 440 1363 codicum
462 1326 666 1361 auctoritati
688 1326 873 1373 plurimum
889 1325 1153 1362 concedendum
1168 1336 1286 1373 neque
1302 1327 1371 1362 nisi
1386 1325 1546 1373 cogente

141 1392 278 1438 linguae
301 1391 387 1437 lege
411 1400 454 1425 ac
476 1390 615 1425 ratione
638 1391 684 1425 ab
706 1390 764 1426 his
780 1390 936 1426 sontibus
952 1390 1207 1426 discedendum
1224 1400 1308 1426 esse
1323 1393 1546 1426 statuerunt:

142 1457 193 1491 ita
216 1455 342 1504 opinor
362 1455 426 1499 iis,
461 1454 520 1500 qui
549 1453 630 1488 libri
662 1453 850 1498 cujuslibet
884 1454 1046 1487 universi
1079 1455 1327 1489 auctoritatem
1349 1454 1545 1499 disputant,

142 1528 189 1553 ne
220 1517 329 1553 nimia
362 1518 566 1552 succrescat
598 1515 820 1562 abjudicandi
853 1515 1019 1562 audacia,
1054 1515 1090 1550 id
1120 1516 1197 1551 sore
1230 1515 1545 1563 praescribendum,

143 1592 190 1617 ne
213 1582 258 1617 ab
282 1581 505 1627 antiquorum
528 1582 710 1615 auctorum
732 1579 801 1615 fide
824 1580 916 1615 ultro
932 1580 994 1615 vel
1014 1582 1150 1614 temere
1166 1578 1363 1614 discedant.
1410 1580 1547 1615 Verum

143 1644 180 1680 id
204 1644 344 1691 quidem
367 1655 440 1680 non
462 1644 553 1679 satis
576 1646 717 1679 cautum
739 1653 823 1679 esse
849 1644 887 1678 in
910 1643 1076 1679 Tulliana
1111 1652 1219 1679 causa
1254 1643 1337 1679 mihi
1360 1643 1502 1680 videtur
1525 1654 1546 1679 a

145 1709 281 1745 duobus
315 1711 406 1745 viris
441 1695 577 1756 doctis,
611 1704 916 1757 AHRENSIUM
949 1709 1027 1744 dico
1069 1712 1106 1744 et
1138 1709 1403 1745 AURELIUM
1438 1709 1545 1744 'ruri-

146 1783 307 1809 censem:
332 1784 479 1820 quorum
503 1774 596 1808 alter
617 1774 767 1820 primum
790 1773 929 1820 ingenii
953 1775 991 1808 et
1014 1771 1221 1808 eruditionis
1244 1772 1439 1819 periculum
1462 1771 1548 1807 fecit

146 1837 183 1871 in
206 1837 440 1883 abJudicanda
472 1837 637 1873 Ciceroni
670 1836 878 1873 Catilinaria
911 1838 1037 1882 quarta
1065 1838 1112 1882 1).·,
1153 1836 1246 1871 alter
1281 1836 1338 1872 dev
1361 1836 1547 1872 Ciceronis

124 1975 127 1978 ·
187 1963 209 1996 ἲ)
227 1965 269 1993 Μ.
284 1965 377 1992 Tullii
391 1966 547 1993 Ciceronis
564 1973 628 2000 quae
651 1968 749 1994 fertur
767 1967 864 1994 oratio
883 1968 988 2001 quarta
1008 1968 1041 1994 in
1055 1966 1223 1994 Catilinam.
1241 1967 1448 2000 Recognovit,
1463 1972 1547 1993 com-

252 2012 406 2037 mentariis
432 2012 590 2045 instruxit,
619 2018 638 2038 a
657 2011 804 2039 cicerone
830 2009 1014 2046 abjudicavit
1037 2012 1071 2039 E.
1091 2013 1127 2039 A.
1154 2013 1184 2040 J.
1206 2012 1333 2038 Ani-ens.
1370 2010 1445 2039 Cob.
1466 2012 1544 2039 1832.

254 2055 323 2081 inde
340 2062 358 2082 a
375 2062 441 2090 pag.
462 2055 498 2084 32
515 2056 553 2083 ad
571 2054 623 2083 214
643 2063 745 2090 usque.

1312 2093 1335 2126 2
