1722 2442
706 172 975 215 —13...

137 288 266 327 quom
299 279 467 328 legatur3
505 280 545 314 ut
577 278 703 315 mirum
734 289 822 316 sane
853 279 971 316 videri
992 281 1131 328 possit,
1165 282 1259 330 quod
1284 282 1353 320 Vir
1386 283 1451 320 dcl-¹
1468 295 1542 322 non

135 343 207 380 isto
221 343 446 391 ‘suspicionis
469 344 631 395 tempore
650 342 951 380 hanclectionem
974 342 1196 391 probaverit.
1241 345 1320 383 Sed
1334 331 1423 383 illud
1439 348 1543 384 emisi

134 416 200 454 pro
231 405 360 454 egredi
394 415 443 441 ex
473 405 561 442 urbe
583 406 676 452 jussi
697 403 762 456 (in
781 407 857 443 Pis.
881 409 917 453 2,
932 404 995 456 5.)
1034 407 1097 443 vel
1129 418 1197 454 pro
1232 410 1333 446 emisi
1368 421 1417 447 ex
1452 411 1544 447 urbe

134 467 198 520 (p.
214 459 333 506 Sulla*
356 466 395 518 §-
419 471 473 506 17.
507 470 613 506 Catil.
625 470 674 517 Π,
693 468 753 520 1.)
776 470 966 517 aliquando
989 471 1028 506 in
1052 480 1220 507 sermone
1242 471 1403 510 familiari
1424 485 1542 521 eoque

133 533 226 569 satis
248 533 418 581 neglecto
444 535 619 581 occurrit,
657 544 729 570 non
759 537 881 571 tamen
914 535 952 571 in
982 534 1127 583 publica
1151 536 1325 572 oratione.
1373 537 1542 575 Ceterum

134 597 167 632 si
189 596 251 633 vel
273 598 393 633 acrius
415 609 483 633 nos
506 600 703 634 vexaverit
725 599 791 635 Vir
812 599 1108 646 liberalissimus,
1133 609 1205 648 ego
1229 600 1275 635 ad
1291 599 1436 635 Livium
1455 611 1541 646 pro-

133 660 289 708 vocabo,
324 661 385 708 qui
414 663 623 699 sexcenties
657 665 695 698 et
716 662 841 699 hostes
864 665 903 699 et
925 662 1056 699 milites
1079 664 1232 699 emisit
1254 663 1353 699 nulla
1376 662 1543 699 condicta
1564 682 1567 685 ·

134 723 346 761 conditione.
956 734 959 735 ⁷

221 802 307 839 Jam
329 811 420 851 vero
443 800 513 838 tria
536 805 620 838 sunt
643 803 681 838 in
705 803 859 851 epistola
882 805 1096 852 enunciata,
1120 815 1199 852 quae
1221 804 1447 841 AURELIO
1471 805 1541 840 du-

134 868 339 903 bitationem
361 871 521 903 movent.
567 866 712 905 Etenim
734 871 855 908 nescio
878 880 924 905 an
947 870 1144 906 industrius
1168 881 1272 916 quam
1287 870 1543 918 negligentius

133 926 202 965 Vir'
221 929 281 966 dd.
304 932 517 976 „moveant”
541 932 745 980 scripserit3
781 935 819 967 at
840 933 1003 979 primum,
1026 932 1243 978 scholastici,
1266 933 1401 979 inquit,‘
1416 933 1542 968 nescio

133 987 215 1040 quid
239 993 405 1030 redolent
428 995 509 1030 illa:
534 1006 621 1041 „ea,
647 1006 726 1042 quae
749 1007 817 1031 nos
840 997 1029 1031 scribimus
1047 996 1395 1032 adolescentulorum
1411 996 1542 1031 studiis

131 1054 279 1093 excitati
292 1057 320 1105 '3”
348 1059 385 1094 in
409 1058 535 1104 quibus
557 1060 712 1093 maxime
736 1056 817 1093 eam
839 1059 1051 1094 modestiam
1073 1060 1292 1107 agnoveris,
1325 1069 1429 1106 quam
1459 1059 1542 1105 ple-

130 1129 277 1167 rumque
288 1119 416 1155 Cicero
429 1121 466 1155 in
476 1120 636 1156 exordiis
648 1120 818 1156 librorum
827 1123 1047 1168 provectiori
1055 1125 1165 1157 aetate
1179 1122 1355 1158 editorum
1372 1121 1540 1158 ostendit.

130 1181 208 1218 Sed
229 1182 298 1218 hoc
318 1185 376 1218 est
399 1183 515 1219 nodos
539 1194 701 1230 quaerere
724 1185 762 1219 in
785 1185 915 1231 scirpo.
962 1185 1098 1220 Verum
1121 1185 1201 1231 his,
1227 1196 1306 1232 quae
1331 1187 1541 1231 sequuntur,

129 1245 332 1284 vereorne
356 1247 435 1294 quis
457 1246 583 1283 ludere
606 1258 662 1284 me
687 1251 852 1295 censeat,
889 1261 995 1297 quum
1018 1249 1133 1286 bonus
1157 1248 1413 1285 AURELIUS
1437 1261 1542 1285 suum

134 1310 344 1346 Ciceronem
367 1314 534 1356 tanquam
557 1312 786 1360 paedagogus
808 1314 859 1347 ita
882 1314 1104 1359 garrientem
1129 1312 1234 1357 facit,
1268 1316 1308 1347 ut
1341 1313 1478 1359 „longe
1503 1315 1542 1347 et

133 1374 326 1422 simplicior
349 1377 386 1410 et
410 1375 551 1410 verior’'
574 1374 652 1410 haec
674 1376 800 1410 futura·
817 1376 866 1410 sit
888 1376 1092 1411 sententia:
1117 1374 1436 1422 „quemadmodum
1460 1377 1541 1411 eni-

133 1439 200 1475 tuit
221 1438 488 1474 Demosthenes
511 1439 548 1473 in
571 1437 780 1484 Philippicis
802 1458 847 1463 --
870 1439 906 1472 in
930 1438 1056 1483 quibus
1089 1439 1228 1484 quidem
1263 1438 1350 1473 illud
1366 1438 1539 1484 Judiciale

133 1501 275 1538 dicendi
296 1512 416 1550 genus
439 1502 636 1550 litigiosum
653 1511 702 1537 ⁴ac
725 1512 825 1549 saepe
848 1502 1037 1537 molestum
1058 1501 1267 1548 relinquens
1287 1503 1443 1548 majores
1460 1503 1539 1549 spi-

129 1567 219 1601 ritus
242 1568 394 1614 sumpsit
419 1587 461 1591 —
486 1568 538 1601 sic
562 1577 634 1614 ego
656 1576 794 1612 quoque
818 1567 959 1612 curavi,
995 1567 1035 1600 ut
1070 1574 1160 1600 meae
1196 1569 1320 1600 essent
1354 1567 1538 1602 orationes

128 1630 260 1665 ceteris
292 1641 481 1680 σεμνότεραι
500 1642 555 1669 καὶ
575 1640 829 1679 πολιτικώτεραι,
868 1639 947 1676 quae
992 1629 1202 1665 consulares
1240 1630 1537 1666 nominarentur.''

129 1694 171 1727 In
195 1693 320 1738 quibus
344 1694 467 1728 nescio
504 1703 551 1728 an
574 1696 673 1728 certe
697 1703 769 1728 non
792 1694 911 1740 magis
936 1693 1172 1728 Ciceroniana
1193 1702 1296 1737 quam
1319 1694 1432 1728 verba
1454 1695 1539 1728 sunt

130 1756 293 1803 epistolae
316 1756 601 1806 deprehendam3
637 1756 797 1805 profecto
831 1759 950 1793 autem
982 1757 1043 1793 illa
1074 1756 1333 1803 qualiscunque
1364 1756 1402 1791 in
1425 1756 1539 1791 Attici

129 1822 285 1866 gratiam
307 1821 402 1855 sacta
429 1822 531 1856 attici
555 1822 710 1856 oratoris
732 1821 953 1856 assimulatio
977 1819 1044 1854 hac
1059 1820 1298 1855 translatione
1316 1820 1537 1856 obliteratur.

129 1884 181 1918 At
203 1894 275 1919 non
298 1883 376 1919 haec
398 1883 532 1928 solum,
567 1894 694 1919 verum
727 1884 833 1919 etiam
865 1884 902 1918 in
935 1882 1006 1918 fine
1032 1882 1160 1919 Cicero
1192 1883 1315 1919 debuit
1344 1883 1395 1917 ita
1417 1882 1538 1928 loqui:

130 1947 227 1993 „Tu‚
251 1948 310 1993 qui
335 1949 465 1995 optime
488 1958 569 1983 res
592 1958 717 1983 meas
739 1950 914 1995 gestas
937 1948 1035 1983 nosti
1058 1948 1274 1993 adeoque
1292 1941 1388 1991 (22)
1415 1956 1539 1982 earum

130 2012 418 2046 commentarium
431 2011 623 2058 scripsisti,
647 2021 702 2046 ex
726 2010 864 2046 hisce
888 2011 1191 2046 orationibus
1216 2010 1357 2046 etiam
1381 2010 1540 2056 verba,
