1722 2442
743 177 1011 217 ...16-

265 289 392 336 Itaque
420 287 499 322 haec
522 285 639 322 omnia
663 294 743 333 quae
766 285 937 322 enarravi
960 285 1345 333 argumenta,·quibus
1360 284 1406 320 V.
1424 285 1466 321 C.
1489 286 1576 325 illud

176 353 362 390 Ciceronis
384 350 431 386 ad
453 350 615 387 Atticum
637 349 877 386 testimonium
901 350 1072 385 evertere
1094 352 1246 386 conatus
1277 351 1358 397 est,
1380 348 1486 386 facile
1508 350 1576 387 ad-

175 426 307 453 versus
328 416 447 462 ipsum
469 415 567 451 verti
589 416 762 462 possunt,
785 423 829 449 ac
843 412 932 450 nihil
951 415 1029 459 est,
1053 412 1146 460 quod
1165 413 1227 448 isti
1248 414 1448 450 testimonio
1469 413 1577 450 fidem

173 479 357 516 detrahas.
387 478 485 516 *Sed
505 482 605 516 esto:
629 478 820 526 quaerimus
843 477 995 513 alterum
1013 476 1098 525 quid
1117 477 1182 521 sit,
1214 477 1307 524 quod
1325 477 1576 526 interpolatam

172 545 273 580 certo
298 543 451 591 quodam
474 543 623 579 consilio
647 542 801 579 affirmet
822 551 907 578 esse
932 541 1130 588 epistolam.
1187 540 1323 576 Verum
1348 541 1385 577 in
1408 541 1476 578 hac
1498 543 1577 587 ejus

174 608 357 642 sententia
379 608 449 641 tam
473 606 584 641 multa
606 608 690 641 sunt
711 606 774 641 vel
797 605 1040 652 discrepantia
1059 604 1120 640 vel
1138 603 1230 639 adeo
1242 602 1311 639 sibi
1322 606 1577 652 repugnantia,

174 676 214 706 ut
238 672 386 706 alterum
410 669 487 704 fere
512 670 627 705 altero
651 669 809 705 tollatur.
855 669 953 705 Nam
976 668 1021 704 ab
1044 668 1169 704 eodem
1192 667 1338 704 falsario
1352 694 1362 714 ,
1395 669 1454 716 qui
1477 671 1578 705 tres

175 733 482 770 Catilinarias
510 734 769 780 composuerit,
804 733 920 769 locum
952 733 1049 769 illum
1080 743 1137 779 ep.
1170 731 1229 767 ad*
1251 733 1329 768 Att.
1364 732 1578 769 inculcatum

174 807 259 833 esse
284 799 465 844 conjectat
488 796 556 832 hoc
577 797 752 842 consilio,
784 797 1046 843 utaequalibus
1076 797 1174 833 suis
1198 807 1278 832 eas
1302 807 1325 832 a
1348 796 1578 833 Cicerone

172 862 254 908 ipso
288 863 333 896 et
355 860 543 896 habitas
569 863 612 896 et
646 861 802 896 editas
826 863 947 897 astute
969 861 1217 908 persuaderet.
1265 863 1318 897 At
1338 861 1375 896 in
1401 861 1466 907 iis,
1500 871 1580 908 quae

173 935 284 971 supra
307 924 429 970 attuli,
453 924 638 959 consilium
661 923 798 959 falsarii
821 924 928 971 plane
952 924 1136 961 diversum
1157 926 1350 972 indicavit,
1382 928 1419 961 et
1441 925 1477 960 id
1500 926 1580 971 qui-

172 988 253 1023 dem
278 987 372 1035 quod
394 987 533 1023 diserte
557 988 665 1023 etiam
689 988 844 1035 epistola
867 990 1048 1024 ostentat:
1083 992 1122 1024 ut
1152 999 1224 1037 ego
1254 1000 1327 1025 non
1358 989 1578 1038 intelligam,

173 1062 243 1099 qua
263 1052 308 1087 de
332 1062 443 1088 causa
466 1052 589 1088 rhetor
611 1053 673 1088 vel
696 1053 895 1099 quicunque
929 1062 1061 1099 corpus
1092 1053 1186 1087 istuc
1208 1051 1459 1089 Consularium
1490 1064 1580 1089 con-

173 1116 283 1151 ficere
307 1125 418 1151 ausus
442 1126 528 1151 esse
550 1115 780 1162 perhibetur,
804 1126 910 1161 quum
930 1116 1064 1151 affatim
1086 1125 1197 1150 veras
1217 1115 1368 1150 haberet
1390 1118 1470 1161 eJus
1485 1116 1580 1153 modi

174 1180 377 1226 orationes,
400 1179 516 1214 falsas
539 1180 576 1214 in
598 1179 695 1215 istud
720 1179 950 1226 praeclarum,
974 1181 1013 1213 ut
1034 1178 1152 1214 videri
1176 1179 1384 1225 oportebat,
1409 1190 1500 1226 opus
1522 1180 1580 1215 in-

173 1244 334 1277 truserit.
381 1243 478 1277 Nam
501 1252 620 1289 neque
643 1252 813 1277 numerus
836 1242 874 1276 X
899 1242 1117 1287 orationum,
1142 1252 1246 1288 quem
1269 1242 1408 1289 quidem
1423 1254 1496 1278 non
1511 1253 1581 1279 ex-

172 1316 345 1342 cessurus
368 1305 500 1341 fuisset
522 1316 774 1352 ἀποσπασμάηα
796 1305 1013 1356 inferciens3
1048 1316 1183 1353 neque,
1208 1317 1286 1343 cum
1308 1307 1422 1343 tribus
1446 1309 1581 1344 oratio-

174 1371 280 1405 nibus
304 1370 485 1404 dissuasio
508 1369 606 1416 legis
632 1370 790 1415 agrariae
812 1373 961 1416 peracta
985 1374 1107 1415 esset,
1139 1372 1366 1418 agrariamm
1395 1372 1580 1418 aequalitas

174 1444 255 1469 eum
277 1434 451 1469 inducere
469 1435 632 1480 poterat,
664 1435 703 1468 ut
734 1435 869 1479 praeter
895 1443 1001 1468 unam
1024 1443 1150 1469 veram
1172 1436 1249 1470 tres
1272 1435 1426 1470 maxime
1452 1434 1581 1471 Catili-

172 1498 297 1533 narias
320 1497 572 1544 confingeretz,
606 1506 723 1542 neque
747 1495 909 1540 tandem,
933 1497 1059 1543 quales
1082 1497 1117 1531 ei
1140 1497 1333 1544 imputant,
1368 1499 1581 1534 centonibus

175 1570 241 1596 seu
264 1560 351 1596 Tiro
376 1571 443 1596 seu
467 1560 615 1608 quilibet
640 1560 731 1595 alius
754 1561 898 1607 patroni
921 1561 1051 1609 gloriae
1075 1561 1274 1597 consultum
1296 1563 1373 1597 iore
1398 1561 1579 1598 credebat,

173 1626 304 1670 Itaque
324 1627 386 1658 aut
411 1633 535 1659 omnes
558 1625 596 1657 in
618 1624 680 1658 illo
705 1633 855 1669 corpore
880 1634 981 1658 verae
1006 1625 1212 1671 orationes,
1248 1627 1309 1660 aut
1332 1629 1467 1671 praeter
1489 1627 1580 1662 istas

173 1690 252 1722 tres
284 1688 393 1722 etiam
421 1687 503 1721 aliae
533 1685 636 1721 falsae
671 1688 779 1732 atque
810 1685 944 1721 fictitiae
976 1687 1139 1722 inerant:
1179 1687 1272 1735 quod
1304 1691 1467 1725 neutrum
1501 1690 1581 1725 vult

174 1754 312 1786 noster.
358 1752 491 1797 Atqui,
527 1753 566 1785 ut
594 1750 707 1796 logici
740 1752 860 1795 ajunt,
896 1751 955 1795 qui
986 1751 1128 1786 nimium
1161 1752 1291 1798 probat
1319 1753 1406 1788 nihil
1440 1754 1578 1800 probat.

174 1816 236 1850 An
260 1823 371 1860 vero,
396 1813 489 1861 quod
512 1812 769 1849 AURELIUS
793 1813 907 1850 noluit
931 1812 1129 1851 observare
1142 1841 1152 1861 ,
1176 1814 1299 1853 rhetor
1322 1828 1428 1865 quum
1451 1816 1579 1854 Catili-

175 1880 297 1914 narias
321 1878 540 1914 confecisset
562 1888 678 1923 neque
701 1877 852 1912 haberet
869 1889 938 1924 quo
962 1878 1065 1915 modo
1083 1889 1147 1914 eas
1163 1891 1227 1926 pro
1244 1882 1345 1915 veris
1361 1881 1579 1929 divulgaret,

174 1943 211 1977 in
235 1941 323 1977 illud
346 1940 542 1989 ingeniose
563 1941 747 1975 inventum
763 1940 905 1987 incidit,
930 1944 970 1977 ut
997 1943 1233 1978 consularium
1255 1943 1426 1980 conderet
1444 1945 1579 1981 oratio-

176 2018 259 2042 num
296 2016 427 2052 corpus
464 2005 675 2041 universum
688 1999 708 2039 ’ἓ
763 2005 929 2052 Namque
962 2005 1007 2041 de
1042 2016 1086 2042 eo
1122 2007 1314 2054 quemlibet
1343 2008 1411 2044 loci
1452 2010 1580 2044 tentati
