1722 2442
698 192 858 230 —2’7
929 216 982 221 ..-

132 301 193 333 tes
215 299 372 334 cunctari
394 297 453 342 55).
499 294 577 332 Sed
600 307 703 343 quum
725 297 771 332 ad
788 298 953 344 Juniore's
974 294 1020 342 56)
1045 306 1087 332 ac
1102 297 1217 344 plebis
1233 298 1415 343 tribunos,
1441 298 1536 333 inter

134 374 222 409 quos
245 362 338 398 Cato
357 363 424 407 ς7),
447 363 661 407 perventum
686 364 805 408 esset,
827 363 861 397 is
884 363 1037 409 rogatus
1060 371 1083 396 a
1105 359 1263 397 Consule
1286 363 1331 398 de
1355 361 1535 398 confessis

134 430 188 464 sic
217 431 256 464 ut
288 427 333 462 de
365 426 563 461 manifestis
598 436 717 461 rerum
752 427 954 474 capitalium
989 436 1087 461 more
1122 427 1291 471 majorum
1326 427 1537 474 supplicium

134 491 344 529 sumendum
366 490 505 527 censuit
525 487 585 533 5²³).
634 490 753 536 Atque
776 493 849 525 tam
871 490 982 539 gravi
1005 500 1072 525 nec
1095 490 1280 536 inopinata
1297 491 1343 534 5⁹)
1361 492 1535 537 oratione,

135 565 204 601 qua
239 554 395 589 consulis
430 553 580 588 consilia
615 556 652 587 et
683 553 908 599 diligentiam
937 554 974 588 in
997 554 1120 589 coelum
1143 554 1306 588 laudibus
1330 554 1457 587 extulit
1475 554 1534 600 ⁶2),

135 621 172 654 in
191 621 396 666 conjuratos
421 621 458 654 et
481 618 641 654 homines
665 620 928 665 conjuratorum
951 620 1125 655 societate
1158 622 1351 666 suspectos
1374 619 1539 654 invectus

137 686 194 717 est
212 683 283 727 ⁶⁴),
307 685 346 717 ut
370 682 589 717 Consulares
613 685 650 716 et
672 691 805 728 magna
828 693 913 728 pars
930 682 1089 717 Senatus
1113 684 1326 717 sententiam
1350 682 1537 716 laudarent

136 747 241 791 atque
266 745 325 780 alii
348 745 438 780 alios
460 745 693 792 increpantes
715 745 857 781 timidos
881 748 1073 792 vocarent,
1095 745 1246 792 denique
1263 745 1391 782 Senati
1407 746 1537 781 decre—

137 813 209 845 tum
232 811 356 856 fieret,
388 813 427 844 ut
458 811 537 856 ipse
561 813 753 845 censuerat
769 810 831 855 6²).
880 811 968 846 Cum
993 812 1099 846 etiam
1122 811 1214 846 bona
1236 809 1447 857 publicanda
1472 810 1539 844 ad-

132 876 305 920 jicerent,
331 873 470 908 Caesar
491 875 643 919 restitit,
666 874 813 919 nolens,
845 884 891 909 ex
916 884 981 909 sua
1006 876 1186 909 sententia.
1208 874 1243 908 id
1269 875 1360 919 quod
1385 873 1540 908 durissi-

138 950 230 973 mum
255 940 376 981 esset,
408 937 563 972 decerni.
612 937 754 973 Ceteris
788 941 905 973 autem
940 939 988 972 nil
1012 938 1237 973 audientibus
1258 937 1328 983 ⁶²),
1364 949 1467 982 quum
1503 940 1539 970 et

139 1002 279 1046 equites
304 1001 354 1034 illi
377 1000 626 1035 minitarentur
647 1001 712 1047 ⁶⁴),
752 1001 879 1036 Cicero
909 1004 1039 1047 sponte
1063 1001 1108 1035 de
1132 1002 1368 1047 publicatione
1391 1004 1542 1035 senten-

139 1066 223 1099 tiam
258 1064 500 1110 praetermisit
531 1063 591 1107 ὗς).
639 1063 798 1107 Consul,
833 1067 871 1098 ut
895 1063 1041 1098 decreto
1072 1067 1210 1108 staret,
1247 1065 1412 1109 optimum
1445 1065 1541 1098 factu

140 1130 259 1172 ratus,
282 1127 422 1161 noctem
447 1134 538 1170 quae
561 1124 718 1159 instabat
740 1128 980 1172 antecapere,
1018 1135 1064 1160 ne
1100 1126 1181 1172 quid
1217 1136 1259 1160 eo
1285 1128 1401 1172 spatio
1428 1137 1544 1162 nova-

141 1193 258 1236 retur,
281 1188 527 1233 Triumviros,
551 1198 642 1233 quae
666 1188 876 1234 supplicium
898 1189 1119 1234 postulabat,
1143 1199 1273 1235 parare
1289 1190 1394 1234 Jubet
1414 1190 1474 1234 ⁶⁶).

231 1253 331 1296 Quae
364 1254 445 1286 acta
480 1260 523 1285 eo
558 1250 616 1284 die
651 1251 687 1286 in
711 1249 850 1285 Senatu
874 1254 977 1296 sunt,
1011 1251 1138 1285 Cicero
1161 1251 1358 1297 diligenter
1381 1255 1544 1297 perscri-

141 1316 259 1353 benda
282 1316 490 1351 curaverat:
514 1312 609 1348 unde
634 1313 784 1349 Catonis
809 1314 922 1349 oratio
946 1314 1114 1349 exstabat
1136 1313 1319 1350 Plutarchi
1342 1318 1462 1351 aetate
1483 1316 1544 1361 ⁶⁷).

141 1382 307 1427 Namque
339 1380 476 1415 scribas
510 1387 600 1425 quas
628 1379 708 1424 ipse
731 1379 904 1414 velociori
927 1379 1061 1414 calamo
1086 1382 1124 1414 et
1146 1379 1371 1418 brevissimis
1397 1382 1545 1427 quibus-

143 1446 223 1481 dam
238 1445 345 1492 siglis
357 1447 524 1480 notantes
534 1446 706 1491 noverat,
723 1443 861 1480 Consul
873 1446 1008 1491 passim
1025 1455 1091 1492 per
1102 1446 1270 1492 templum
1282 1446 1467 1481 locaverat
1480 1442 1545 1488 ⁶⁸).

143 1512 229 1558 Ipse
252 1519 342 1545 vero
365 1511 449 1544 tunc
482 1519 504 1544 a
528 1518 568 1543 se
599 1507 754 1543 habitam
786 1510 1002 1554 orationem,
1044 1510 1114 1544 etsi
1143 1509 1178 1544 id
1206 1510 1327 1544 facere
1358 1510 1395 1544 in
1429 1510 1546 1545 animo

145 1574 252 1609 fuerit
268 1574 337 1618 ⁶⁹),
375 1575 495 1608 tamen
525 1574 692 1617 quantum
726 1572 831 1607 hodie
863 1573 947 1607 licet
971 1574 1178 1617 conjectura
1202 1573 1392 1617 consequi,
1432 1583 1548 1618 neque

147 1636 366 1683 elaboravit,
388 1646 505 1683 neque
531 1635 701 1673 elimavit.

237 1701 448 1737 Scribebam
471 1701 526 1736 his
548 1700 649 1735 seriis
673 1700 882 1735 vernalibus
906 1710 939 1734 a.
962 1699 1318 1734 MDCCCXXXVI.

187 1818 224 1849 ⁵⁵)
238 1819 301 1845 sal.
324 1825 349 1844 c.
367 1817 413 1845 52.
453 1815 490 1848 ⁵⁶)
509 1818 577 1844 mv.
597 1817 648 1850 lx,
666 1818 693 1844 s.
722 1816 783 1843 cic.
802 1816 879 1844 Phil.
900 1817 937 1850 v,
959 1816 1001 1844 13.
1040 1800 1078 1847 ¹⁵⁷)
1097 1816 1176 1845 mut.
1199 1816 1263 1844 Cat.
1283 1820 1312 1844 et
1331 1817 1394 1847 cic.
1434 1817 1471 1849 ⁵⁸)
1489 1807 1551 1845 s'al.

257 1868 315 1893 cet.
353 1865 389 1898 ὓ)
409 1865 473 1894 Cic.
493 1866 558 1900 XII,
577 1866 621 1892 21.
640 1865 721 1893 vell.
741 1866 779 1898 11,
793 1864 837 1891 3¹4.
875 1864 913 1895 ⁶⁰)
931 1864 971 1890 ib.
984 1865 1041 1891 cet.
1079 1862 1119 1900 ⁶¹)
1138 1865 1217 1892 Plut.
1236 1867 1317 1893 Vell.
1355 1864 1394 1902 ⁶2)
1414 1866 1475 1893 sal.
1491 1868 1551 1895 cet.

260 1913 299 1949 ⁶³)
317 1916 397 1946 mut.
436 1910 474 1949 ⁶4)
494 1917 577 1945 suet.
618 1914 657 1947 ⁶⁵)
674 1915 753 1945 mut.
802 1914 839 1947 σὺ)
859 1915 920 1943 Sal.
941 1915 1019 1943 Plut.
1057 1912 1096 1952 67)
1115 1917 1192 1944 mut.
1238 1916 1275 1948 ⁶⁸)
1293 1917 1332 1944 ib.
1375 1913 1415 1952 69)
1435 1918 1472 1944 au
1492 1918 1553 1945 Att.

257 1967 295 2001 11,
315 1968 338 1994 1.
363 1966 389 1995 3.

592 2050 1107 2076 -ψ-
