1722 2442
720 215 986 255 „19-

153 335 224 360 uon
247 325 349 371 licet,
375 325 407 359 si
431 322 572 369 quidem
595 321 916 357 auctorisfuerunt
940 321 1111 367 ejusdem.
1150 323 1209 361 *At
1243 326 1376 369 quanto
1406 325 1554 370 propius

154 387 374 423 accedebant
398 386 580 420 orationes
601 384 794 432 subditae,
807 388 907 421 tanto
930 385 1047 427 minus
1068 384 1213 431 probari
1235 386 1443 434 aequalibus
1469 389 1554 434 pot-

156 455 281 496 erant,
316 450 446 497 quippe
471 450 529 496 qui
553 459 614 484 res
636 453 766 496 gestas
790 451 870 486 sive
894 460 943 492 ex
967 449 1154 485 Ciceronis
1178 451 1215 484 et
1238 450 1347 486 Attici
1370 461 1553 487 commen-

153 516 255 550 tariis
287 514 367 548 sive
400 513 493 548 fama
521 516 628 558 atque
659 512 836 548 hominum
860 513 1085 549 sermonibus
1109 514 1200 548 satis
1224 518 1388 548 accurate
1411 526 1552 562 cogno-

153 580 302 622 verant,
323 581 360 612 et
384 576 467 624 quid
490 586 633 622 verum,
657 575 740 622 quid
762 576 891 613 falsum
915 579 1037 624 esset,
1073 577 1164 613 scite
1188 575 1438 624 dijudicabant.
1485 578 1551 615 Sin

154 645 272 677 autem
295 642 444 684 aberant
469 650 573 686 quam
595 641 825 686 longissime,
861 641 1059 676 verisimile
1082 652 1233 686 prorsus
1266 651 1339 675 non
1363 643 1442 685 est,
1460 636 1552 686 'epi-

154 705 266 740 stolas
291 703 477 739 Ciceronis
501 703 653 738 omnium
676 712 742 749 per
765 713 892 738 manus
915 703 1124 750 divulgatas
1147 703 1208 739 vel
1232 714 1368 739 summa
1391 707 1471 740 arte
1489 704 1555 739 ad-

153 766 301 805 ulterari
325 769 505 815 potuisse.
546 768 626 803 Hoc
659 768 798 813 quidem
821 769 901 814 ipse
925 767 1016 806 vidit
1052 767 1307 804 AURELIUS
1345 767 1406 816 [p.
1434 766 1556 818 181.),

155 844 270 881 neque
294 833 415 868 habuit
439 844 506 878 quo
531 832 755 879 confugeret.
790 830 869 867 Sed
893 842 997 878 quum
1020 832 1071 866 ita
1093 831 1184 867 haec
1206 832 1302 867 inter
1325 843 1366 868 se
1390 843 1557 870 connexa

155 903 192 934 et
215 898 394 945 implicata
416 906 503 932 esse
526 896 780 942 intellexisset,
803 900 842 931 ut
864 899 902 931 et
925 896 1107 932 orationes
1131 895 1360 932 addubitatae
1380 901 1417 932 et
1441 899 1557 944 parti-

155 962 235 997 cula
266 962 327 996 illa
358 960 533 1007 epistolae
565 970 636 995 una
668 963 791 1004 stent,
816 970 887 995 una
919 959 1070 1005 cadant,
1101 959 1224 994 maluit
1252 961 1288 994 in
1323 959 1557 998 AHRENSI

154 1030 280 1062 contra
301 1026 364 1061 IV.
390 1026 586 1060 orationem
621 1028 659 1059 et
690 1025 765 1059 suis
794 1023 972 1059 adversus
1004 1023 1204 1069 Epistolam
1237 1026 1460 1068 arg-umentis
1492 1035 1557 1060 ac-

155 1091 353 1136 quiescere.
400 1087 578 1133 Equidem
600 1097 710 1131 vero,
744 1087 828 1122 licet
851 1087 897 1121 ad
919 1086 1005 1121 illud
1028 1086 1192 1121 dilemma
1215 1087 1558 1123 AURELIANUM

154 1161 354 1200 provocare
378 1150 531 1196 possim,
566 1152 701 1184 tantum
730 1149 871 1195 absum,
907 1152 945 1183 ut
969 1148 1025 1183 his
1048 1148 1275 1184 Marklandis
1299 1153 1336 1185 et
1360 1150 1557 1186 Tunstallis

154 1227 268 1252 meam
292 1215 507 1250 sententiam
537 1210 791 1260 comprobasse
823 1211 906 1247 mihi
939 1212 1087 1257 videar,
1123 1216 1161 1248 ut
1189 1215 1263 1258 jam
1297 1213 1379 1247 mihi
1412 1224 1556 1250 causam

154 1292 176 1316 a
199 1281 316 1327 capite
340 1277 572 1325 repetendam
596 1287 680 1312 esse
704 1276 839 1311 ducam.

220 1345 354 1378 Restat
377 1342 470 1376 enim
483 1366 493 1385 ,
528 1344 566 1375 ut
596 1341 737 1376 tertiam
759 1340 949 1376 AURELI
972 1342 1189 1375 sententiam
1211 1341 1384 1386 refutem,
1418 1343 1455 1376 in
1487 1352 1559 1388 qua

154 1406 333 1443 consentit
356 1415 434 1439 cum
456 1402 745 1448 AHRENSIO,
776 1403 842 1437 sed
862 1404 1007 1446 mirum,
1042 1404 1093 1437 ita
1117 1404 1368 1449 consentiunt,
1400 1408 1440 1439 ut
1469 1405 1558 1439 sub-

155 1472 226 1507 lato
250 1470 363 1515 alter,
395 1467 487 1503 alter
517 1467 660 1514 integro
686 1465 871 1501 Ciceronis
901 1466 1126 1512 testimonio,
1157 1469 1345 1513 postquam
1365 1467 1398 1502 is
1420 1477 1557 1515 rogare

154 1537 192 1570 in
215 1536 344 1570 senatu
367 1532 570 1567 sententias
593 1530 809 1576 incepisset,
832 1529 965 1564 nullam
987 1530 1049 1564 illo
1076 1529 1133 1564 die
1157 1530 1313 1565 habitam
1336 1530 1380 1565 ab
1404 1541 1448 1566 eo
1472 1541 1558 1567 esse

156 1598 354 1634 orationem
377 1593 582 1630 defendant.
630 1591 733 1638 Quod
754 1593 805 1628 ita
831 1592 908 1628 fere
941 1592 1060 1628 ΑΗΒ.
1086 1588 1113 1639 s
1113 1604 1148 1640 p.
1171 1594 1216 1628 58
1232 1614 1277 1618 -
1292 1592 1376 1642 71.)
1401 1595 1558 1632 evicisse

157 1663 223 1698 sibi
246 1661 399 1697 videtur.
446 1658 562 1703 Quum
586 1658 681 1693 enim
704 1657 832 1693 Cicero
855 1657 902 1691 ad
926 1657 1003 1692 Att.
1027 1657 1085 1702 Π,
1111 1659 1141 1691 1.
1174 1667 1279 1692 unam
1301 1661 1439 1693 tantum
1462 1669 1484 1694 a
1515 1669 1557 1694 se

156 1725 312 1761 habitam
334 1723 431 1759 Non.
458 1722 547 1758 Dec.
573 1721 709 1757 reserat
731 1721 946 1767 orationem,
969 1720 1049 1755 aliis
1072 1721 1160 1756 locis
1184 1721 1257 1769 (ad
1280 1722 1358 1756 Att.
1383 1722 1478 1768 ΧΠ,
1500 1724 1557 1758 21.

157 1790 194 1823 in
217 1789 292 1824 Pis.
317 1789 358 1831 7,
381 1784 442 1835 4.)
477 1786 619 1821 nonnisi
642 1785 827 1820 relationis
850 1784 1066 1819 mentionem
1088 1783 1215 1829 faciat,
1233 1786 1309 1831 jam
1331 1785 1411 1821 luce
1427 1785 1558 1821 clarius

159 1863 243 1888 esse
267 1851 483 1895 existumat,
524 1848 615 1885 banc
637 1849 847 1884 relationem
869 1856 976 1882 unam
996 1847 1219 1895 eandemque
1242 1848 1312 1884 dici
1335 1852 1439 1895 atque
1462 1849 1561 1885 illam

160 1917 365 1953 orationem.
413 1914 503 1949 Tum
528 1923 618 1948 vero
643 1910 723 1961 (sic
748 1914 827 1958 ejus
849 1910 1011 1958 procedit
1035 1914 1319 1958 argumentatio,
1353 1924 1413 1959 pp.
1447 1915 1491 1948 ’71
1515 1936 1561 1942 —

158 1978 230 2027 ⁵77]
253 1979 417 2024 quoniam
439 1977 565 2011 relatio
589 1986 662 2010 non
684 1977 732 2010 sit
756 1976 887 2020 oratio,
923 1983 1040 2020 neque
1070 1973 1239 2010 Consulis
1268 1974 1376 2009 suerit
1409 1976 1560 2011 alteram

156 2043 369 2088 ,relationem
399 2040 531 2079 inferre
562 2040 753 2077 sententiis
784 2038 844 2077 vel
866 2037 1100 2086 interpellare
1130 2038 1429 2077 consultationem
1459 2050 1560 2078 suam
