<?xml version="1.0" encoding="UTF-8"?>
<!DOCTYPE html PUBLIC "-//W3C//DTD XHTML 1.0 Transitional//EN"
    "http://www.w3.org/TR/xhtml1/DTD/xhtml1-transitional.dtd">
<html xmlns="http://www.w3.org/1999/xhtml" xml:lang="en" lang="en">
 <head>
  <title>
</title>
<meta http-equiv="Content-Type" content="text/html;charset=utf-8" />
  <meta name='ocr-system' content='tesseract 3.04.00' />
  <meta name='ocr-capabilities' content='ocr_page ocr_carea ocr_par ocr_line ocrx_word'/>
</head>
<body>
  <div class='ocr_page' id='page_1' title='image "4771771_0017.png"; bbox 0 0 1722 2442; ppageno 0'>
   <div class='ocr_carea' id='block_1_1' title="bbox 710 138 977 183">
    <p class='ocr_par' dir='ltr' id='par_1_1' title="bbox 710 138 977 183">
     <span class='ocr_line' id='line_1_1' title="bbox 710 138 977 183; baseline 0.004 -10"><span class='ocrx_word' id='word_1_1' title='bbox 710 138 977 183; x_wconf 76' lang='lat'>—1⁷—&#39;</span> 
     </span>
    </p>
   </div>
   <div class='ocr_carea' id='block_1_2' title="bbox 126 239 1556 1768">
    <p class='ocr_par' dir='ltr' id='par_1_2' title="bbox 126 239 1556 1492">
     <span class='ocr_line' id='line_1_2' title="bbox 137 239 1538 300; baseline 0 -11"><span class='ocrx_word' id='word_1_2' title='bbox 137 255 316 289; x_wconf 78' lang='lat' dir='ltr'>auctorem</span> <span class='ocrx_word' id='word_1_3' title='bbox 340 252 525 300; x_wconf 84' lang='lat' dir='ltr'><strong>cogitasse</strong></span> <span class='ocrx_word' id='word_1_4' title='bbox 538 277 548 296; x_wconf 83' lang='lat'><strong>,</strong></span> <span class='ocrx_word' id='word_1_5' title='bbox 585 239 691 286; x_wconf 81' lang='lat' dir='ltr'><strong>extra</strong></span> <span class='ocrx_word' id='word_1_6' title='bbox 713 251 854 289; x_wconf 89' lang='lat' dir='ltr'><strong>dubium</strong></span> <span class='ocrx_word' id='word_1_7' title='bbox 878 255 947 288; x_wconf 88' lang='lat' dir='ltr'><strong>est.</strong></span> <span class='ocrx_word' id='word_1_8' title='bbox 993 252 1045 287; x_wconf 89' lang='lat' dir='ltr'><strong>At</strong></span> <span class='ocrx_word' id='word_1_9' title='bbox 1081 252 1253 299; x_wconf 86' lang='lat' dir='ltr'><strong>quomodo</strong></span> <span class='ocrx_word' id='word_1_10' title='bbox 1289 243 1369 288; x_wconf 80' lang='lat' dir='ltr'><strong>fieri</strong></span> <span class='ocrx_word' id='word_1_11' title='bbox 1403 253 1538 299; x_wconf 82' lang='lat' dir='ltr'><strong>potuit,</strong></span> 
     </span>
     <span class='ocr_line' id='line_1_3' title="bbox 136 307 1540 364; baseline -0.001 -12"><span class='ocrx_word' id='word_1_12' title='bbox 136 320 175 352; x_wconf 92' lang='lat' dir='ltr'><strong>ut</strong></span> <span class='ocrx_word' id='word_1_13' title='bbox 206 317 339 353; x_wconf 89' lang='lat' dir='ltr'><strong>nullum</strong></span> <span class='ocrx_word' id='word_1_14' title='bbox 369 316 477 354; x_wconf 86' lang='lat' dir='ltr'><strong>istius</strong></span> <span class='ocrx_word' id='word_1_15' title='bbox 506 316 627 362; x_wconf 88' lang='lat' dir='ltr'><strong>operis</strong></span> <span class='ocrx_word' id='word_1_16' title='bbox 658 316 696 350; x_wconf 92' lang='lat' dir='ltr'><strong>in</strong></span> <span class='ocrx_word' id='word_1_17' title='bbox 719 317 931 364; x_wconf 70' lang='lat' dir='ltr'><strong>antiquitate</strong></span> <span class='ocrx_word' id='word_1_18' title='bbox 954 316 1154 363; x_wconf 83' lang='lat' dir='ltr'><strong>vestigium</strong></span> <span class='ocrx_word' id='word_1_19' title='bbox 1184 318 1410 363; x_wconf 85' lang='lat' dir='ltr'><strong>occurreret,</strong></span> <span class='ocrx_word' id='word_1_20' title='bbox 1439 307 1540 363; x_wconf 57' lang='lat' dir='ltr'><strong>&#39;quod</strong></span> 
     </span>
     <span class='ocr_line' id='line_1_4' title="bbox 135 374 1540 429; baseline -0.001 -13"><span class='ocrx_word' id='word_1_21' title='bbox 135 391 224 417; x_wconf 84' lang='lat' dir='ltr'><strong>sane</strong></span> <span class='ocrx_word' id='word_1_22' title='bbox 247 380 371 429; x_wconf 86' lang='lat' dir='ltr'><strong>perfici</strong></span> <span class='ocrx_word' id='word_1_23' title='bbox 395 378 517 414; x_wconf 83' lang='lat' dir='ltr'><strong>debuit</strong></span> <span class='ocrx_word' id='word_1_24' title='bbox 538 380 712 415; x_wconf 85' lang='lat' dir='ltr'><strong>inculcato</strong></span> <span class='ocrx_word' id='word_1_25' title='bbox 737 381 774 415; x_wconf 91' lang='lat' dir='ltr'><strong>in</strong></span> <span class='ocrx_word' id='word_1_26' title='bbox 798 381 987 428; x_wconf 82' lang='lat' dir='ltr'><strong>epistolam</strong></span> <span class='ocrx_word' id='word_1_27' title='bbox 1009 380 1215 416; x_wconf 90' lang='lat' dir='ltr'><strong>testimonio</strong></span> <span class='ocrx_word' id='word_1_28' title='bbox 1228 374 1249 414; x_wconf 68' lang='grc' dir='ltr'><strong>’ἔ</strong></span> <span class='ocrx_word' id='word_1_29' title='bbox 1292 381 1440 416; x_wconf 80' lang='lat' dir='ltr'><strong>Etenim</strong></span> <span class='ocrx_word' id='word_1_30' title='bbox 1467 379 1540 415; x_wconf 81' lang='lat' dir='ltr'><strong>sal-</strong></span> 
     </span>
     <span class='ocr_line' id='line_1_5' title="bbox 134 432 1539 491; baseline 0 -11"><span class='ocrx_word' id='word_1_31' title='bbox 134 446 267 480; x_wconf 89' lang='lat' dir='ltr'><strong>sarium</strong></span> <span class='ocrx_word' id='word_1_32' title='bbox 287 453 374 478; x_wconf 83' lang='lat' dir='ltr'><strong>cura</strong></span> <span class='ocrx_word' id='word_1_33' title='bbox 395 443 512 490; x_wconf 84' lang='lat' dir='ltr'><strong>nulla,</strong></span> <span class='ocrx_word' id='word_1_34' title='bbox 546 443 749 490; x_wconf 86' lang='lat' dir='ltr'><strong>nullumque</strong></span> <span class='ocrx_word' id='word_1_35' title='bbox 771 436 968 490; x_wconf 85' lang='lat' dir='ltr'><strong>periculum</strong></span> <span class='ocrx_word' id='word_1_36' title='bbox 990 432 1183 490; x_wconf 84' lang='lat' dir='ltr'><strong>prohibere</strong></span> <span class='ocrx_word' id='word_1_37' title='bbox 1207 446 1367 490; x_wconf 85' lang='lat' dir='ltr'><strong>poterat,</strong></span> <span class='ocrx_word' id='word_1_38' title='bbox 1398 444 1539 491; x_wconf 78' lang='lat' dir='ltr'><strong>quomi-.</strong></span> 
     </span>
     <span class='ocr_line' id='line_1_6' title="bbox 133 495 1536 554; baseline 0.001 -11"><span class='ocrx_word' id='word_1_39' title='bbox 133 518 201 543; x_wconf 90' lang='lat' dir='ltr'><strong>nus</strong></span> <span class='ocrx_word' id='word_1_40' title='bbox 225 508 405 553; x_wconf 85' lang='lat' dir='ltr'><strong>inceptum</strong></span> <span class='ocrx_word' id='word_1_41' title='bbox 429 510 699 552; x_wconf 84' lang='lat' dir='ltr'><strong>exsequeretur.</strong></span> <span class='ocrx_word' id='word_1_42' title='bbox 757 506 893 543; x_wconf 81' lang='lat' dir='ltr'><strong>Contra</strong></span> <span class='ocrx_word' id='word_1_43' title='bbox 917 495 1000 554; x_wconf 87' lang='lat' dir='ltr'><strong>quid</strong></span> <span class='ocrx_word' id='word_1_44' title='bbox 1023 507 1149 552; x_wconf 82' lang='lat' dir='ltr'><strong>fuerit,</strong></span> <span class='ocrx_word' id='word_1_45' title='bbox 1187 506 1280 553; x_wconf 85' lang='lat' dir='ltr'><strong>quod</strong></span> <span class='ocrx_word' id='word_1_46' title='bbox 1313 506 1439 543; x_wconf 78' lang='lat' dir='ltr'><strong>Cicero</strong></span> <span class='ocrx_word' id='word_1_47' title='bbox 1469 519 1536 545; x_wconf 85' lang='lat' dir='ltr'><strong>suo</strong></span> 
     </span>
     <span class='ocr_line' id='line_1_7' title="bbox 134 568 1556 617; baseline 0 -13"><span class='ocrx_word' id='word_1_48' title='bbox 134 568 284 604; x_wconf 89' lang='lat' dir='ltr'><strong>consilio</strong></span> <span class='ocrx_word' id='word_1_49' title='bbox 316 579 447 617; x_wconf 88' lang='lat' dir='ltr'><strong>corpus</strong></span> <span class='ocrx_word' id='word_1_50' title='bbox 480 570 681 605; x_wconf 88' lang='lat' dir='ltr'><strong>orationum</strong></span> <span class='ocrx_word' id='word_1_51' title='bbox 710 570 948 606; x_wconf 82' lang='lat' dir='ltr'><strong>consularium</strong></span> <span class='ocrx_word' id='word_1_52' title='bbox 971 570 1149 606; x_wconf 90' lang='lat' dir='ltr'><strong>condendi</strong></span> <span class='ocrx_word' id='word_1_53' title='bbox 1172 581 1244 606; x_wconf 90' lang='lat' dir='ltr'><strong>non</strong></span> <span class='ocrx_word' id='word_1_54' title='bbox 1267 570 1359 605; x_wconf 88' lang='lat' dir='ltr'><strong>satis</strong></span> <span class='ocrx_word' id='word_1_55' title='bbox 1391 569 1556 615; x_wconf 82' lang='lat' dir='ltr'><strong>fecerit-,&#39;</strong></span> 
     </span>
     <span class='ocr_line' id='line_1_8' title="bbox 132 631 1538 681; baseline 0 -13"><span class='ocrx_word' id='word_1_56' title='bbox 132 632 229 669; x_wconf 64' lang='lat' dir='ltr'><strong>haud&gt;</strong></span> <span class='ocrx_word' id='word_1_57' title='bbox 250 632 395 668; x_wconf 82' lang='lat' dir='ltr'><strong>difficile</strong></span> <span class='ocrx_word' id='word_1_58' title='bbox 419 635 477 668; x_wconf 89' lang='lat' dir='ltr'><strong>est</strong></span> <span class='ocrx_word' id='word_1_59' title='bbox 494 632 670 678; x_wconf 77' lang='lat' dir='ltr'><strong>judicare.</strong></span> <span class='ocrx_word' id='word_1_60' title='bbox 716 634 810 669; x_wconf 87' lang='lat' dir='ltr'><strong>Nam</strong></span> <span class='ocrx_word' id='word_1_61' title='bbox 835 644 914 681; x_wconf 82' lang='lat' dir='ltr'><strong>quae</strong></span> <span class='ocrx_word' id='word_1_62' title='bbox 937 645 1022 671; x_wconf 84' lang='lat' dir='ltr'><strong>mox</strong></span> <span class='ocrx_word' id='word_1_63' title='bbox 1045 637 1173 670; x_wconf 86' lang='lat' dir='ltr'><strong>secuta</strong></span> <span class='ocrx_word' id='word_1_64' title='bbox 1196 636 1287 670; x_wconf 59' lang='lat' dir='ltr'><strong>sunt&gt;</strong></span> <span class='ocrx_word' id='word_1_65' title='bbox 1304 636 1468 681; x_wconf 83' lang='lat' dir='ltr'><strong>tempora</strong></span> <span class='ocrx_word' id='word_1_66' title='bbox 1495 631 1538 678; x_wconf 86' lang='lat'><strong>⁶),</strong></span> 
     </span>
     <span class='ocr_line' id='line_1_9' title="bbox 132 687 1537 744; baseline 0 -11"><span class='ocrx_word' id='word_1_67' title='bbox 132 699 163 733; x_wconf 86' lang='lat' dir='ltr'><strong>si</strong></span> <span class='ocrx_word' id='word_1_68' title='bbox 193 709 264 733; x_wconf 91' lang='lat' dir='ltr'><strong>non</strong></span> <span class='ocrx_word' id='word_1_69' title='bbox 293 697 527 733; x_wconf 80' lang='lat' dir='ltr'><strong>deterrebant</strong></span> <span class='ocrx_word' id='word_1_70' title='bbox 557 697 756 743; x_wconf 75' lang='lat' dir='ltr'><strong>consulem,</strong></span> <span class='ocrx_word' id='word_1_71' title='bbox 791 687 977 744; x_wconf 77' lang='lat' dir='ltr'><strong>quominus</strong></span> <span class='ocrx_word' id='word_1_72' title='bbox 1009 697 1045 733; x_wconf 90' lang='lat' dir='ltr'><strong>id</strong></span> <span class='ocrx_word' id='word_1_73' title='bbox 1078 699 1302 744; x_wconf 85' lang='lat' dir='ltr'><strong>susciperet,</strong></span> <span class='ocrx_word' id='word_1_74' title='bbox 1334 700 1456 733; x_wconf 89' lang='lat' dir='ltr'><strong>tamen</strong></span> <span class='ocrx_word' id='word_1_75' title='bbox 1492 697 1537 732; x_wconf 77' lang='lat' dir='ltr'><strong>ab</strong></span> 
     </span>
     <span class='ocr_line' id='line_1_10' title="bbox 132 760 1539 810; baseline -0.001 -14"><span class='ocrx_word' id='word_1_76' title='bbox 132 760 305 806; x_wconf 85' lang='lat' dir='ltr'><strong>ejusmodi</strong></span> <span class='ocrx_word' id='word_1_77' title='bbox 329 770 440 808; x_wconf 88' lang='lat' dir='ltr'><strong>opera</strong></span> <span class='ocrx_word' id='word_1_78' title='bbox 462 760 701 810; x_wconf 79' lang='lat' dir='ltr'><strong>distinebant3</strong></span> <span class='ocrx_word' id='word_1_79' title='bbox 736 765 863 808; x_wconf 86' lang='lat' dir='ltr'><strong>postea</strong></span> <span class='ocrx_word' id='word_1_80' title='bbox 895 771 1002 807; x_wconf 88' lang='lat' dir='ltr'><strong>vero,</strong></span> <span class='ocrx_word' id='word_1_81' title='bbox 1039 771 1142 809; x_wconf 86' lang='lat' dir='ltr'><strong>quam</strong></span> <span class='ocrx_word' id='word_1_82' title='bbox 1173 762 1210 797; x_wconf 89' lang='lat' dir='ltr'><strong>iu</strong></span> <span class='ocrx_word' id='word_1_83' title='bbox 1233 762 1429 797; x_wconf 86' lang='lat' dir='ltr'><strong>Antonium</strong></span> <span class='ocrx_word' id='word_1_84' title='bbox 1453 770 1539 796; x_wconf 86' lang='lat' dir='ltr'><strong>ora-</strong></span> 
     </span>
     <span class='ocr_line' id='line_1_11' title="bbox 131 815 1535 871; baseline -0.001 -11"><span class='ocrx_word' id='word_1_85' title='bbox 131 827 254 870; x_wconf 87' lang='lat' dir='ltr'><strong>verat,</strong></span> <span class='ocrx_word' id='word_1_86' title='bbox 289 820 398 860; x_wconf 88' lang='lat' dir='ltr'><strong>multo</strong></span> <span class='ocrx_word' id='word_1_87' title='bbox 428 826 542 860; x_wconf 81' lang='lat' dir='ltr'><strong>satius</strong></span> <span class='ocrx_word' id='word_1_88' title='bbox 575 826 652 861; x_wconf 91' lang='lat' dir='ltr'><strong>voti</strong></span> <span class='ocrx_word' id='word_1_89' title='bbox 682 825 868 861; x_wconf 87' lang='lat' dir='ltr'><strong>damnatus</strong></span> <span class='ocrx_word' id='word_1_90' title='bbox 898 825 974 861; x_wconf 81' lang='lat' dir='ltr'><strong>fuit.</strong></span> <span class='ocrx_word' id='word_1_91' title='bbox 1022 815 1229 871; x_wconf 80' lang='lat' dir='ltr'><strong>Quanquam</strong></span> <span class='ocrx_word' id='word_1_92' title='bbox 1261 835 1309 861; x_wconf 84' lang='lat' dir='ltr'><strong>ex</strong></span> <span class='ocrx_word' id='word_1_93' title='bbox 1343 824 1420 869; x_wconf 87' lang='lat' dir='ltr'><strong>his,</strong></span> <span class='ocrx_word' id='word_1_94' title='bbox 1455 817 1535 870; x_wconf 70' lang='lat' dir='ltr'><strong>quae</strong></span> 
     </span>
     <span class='ocr_line' id='line_1_12' title="bbox 130 879 1538 936; baseline 0 -14"><span class='ocrx_word' id='word_1_95' title='bbox 130 888 229 929; x_wconf 88' lang='lat' dir='ltr'><strong>dixi,</strong></span> <span class='ocrx_word' id='word_1_96' title='bbox 252 898 324 923; x_wconf 90' lang='lat' dir='ltr'><strong>non</strong></span> <span class='ocrx_word' id='word_1_97' title='bbox 349 879 513 934; x_wconf 82' lang='lat' dir='ltr'><strong>sequitur</strong></span> <span class='ocrx_word' id='word_1_98' title='bbox 541 888 577 924; x_wconf 91' lang='lat' dir='ltr'><strong>id</strong></span> <span class='ocrx_word' id='word_1_99' title='bbox 609 888 702 935; x_wconf 90' lang='lat' dir='ltr'><strong>quod</strong></span> <span class='ocrx_word' id='word_1_100' title='bbox 725 886 982 924; x_wconf 84' lang='lat' dir='ltr'><strong>AURELIUS</strong></span> <span class='ocrx_word' id='word_1_101' title='bbox 1010 891 1230 936; x_wconf 81' lang='lat' dir='ltr'><strong>postremum</strong></span> <span class='ocrx_word' id='word_1_102' title='bbox 1260 888 1396 934; x_wconf 85' lang='lat' dir='ltr'><strong>adjecit</strong></span> <span class='ocrx_word' id='word_1_103' title='bbox 1418 884 1538 934; x_wconf 74' lang='lat' dir='ltr'><strong>argu-&#39;-</strong></span> 
     </span>
     <span class='ocr_line' id='line_1_13' title="bbox 129 941 1535 998; baseline 0.001 -13"><span class='ocrx_word' id='word_1_104' title='bbox 129 953 308 986; x_wconf 83' lang='lat' dir='ltr'><strong>mentum:</strong></span> <span class='ocrx_word' id='word_1_105' title='bbox 331 951 461 987; x_wconf 83' lang='lat' dir='ltr'><strong>multas</strong></span> <span class='ocrx_word' id='word_1_106' title='bbox 484 952 624 987; x_wconf 87' lang='lat' dir='ltr'><strong>scilicet</strong></span> <span class='ocrx_word' id='word_1_107' title='bbox 648 955 686 987; x_wconf 89' lang='lat' dir='ltr'><strong>et</strong></span> <span class='ocrx_word' id='word_1_108' title='bbox 707 961 849 998; x_wconf 70' lang='lat' dir='ltr'><strong>graves</strong></span> <span class='ocrx_word' id='word_1_109' title='bbox 865 953 942 998; x_wconf 78' lang='lat' dir='ltr'><strong>jam</strong></span> <span class='ocrx_word' id='word_1_110' title='bbox 966 954 1038 987; x_wconf 86' lang='lat' dir='ltr'><strong>tum</strong></span> <span class='ocrx_word' id='word_1_111' title='bbox 1061 941 1194 988; x_wconf 81' lang='lat' dir='ltr'><strong>causas</strong></span> <span class='ocrx_word' id='word_1_112' title='bbox 1218 951 1386 987; x_wconf 82' lang='lat' dir='ltr'><strong>Ciceroni</strong></span> <span class='ocrx_word' id='word_1_113' title='bbox 1409 951 1535 995; x_wconf 78' lang='lat' dir='ltr'><strong>tuisse,</strong></span> 
     </span>
     <span class='ocr_line' id='line_1_14' title="bbox 128 1014 1536 1061; baseline 0 -12"><span class='ocrx_word' id='word_1_114' title='bbox 128 1024 194 1049; x_wconf 90' lang='lat' dir='ltr'><strong>cur</strong></span> <span class='ocrx_word' id='word_1_115' title='bbox 225 1015 270 1050; x_wconf 92' lang='lat' dir='ltr'><strong>ab</strong></span> <span class='ocrx_word' id='word_1_116' title='bbox 302 1015 383 1050; x_wconf 88' lang='lat' dir='ltr'><strong>aliis</strong></span> <span class='ocrx_word' id='word_1_117' title='bbox 411 1016 449 1050; x_wconf 89' lang='lat' dir='ltr'><strong>in</strong></span> <span class='ocrx_word' id='word_1_118' title='bbox 473 1015 703 1051; x_wconf 84' lang='lat' dir='ltr'><strong>Catilinarios</strong></span> <span class='ocrx_word' id='word_1_119' title='bbox 734 1016 956 1051; x_wconf 87' lang='lat' dir='ltr'><strong>orationibus</strong></span> <span class='ocrx_word' id='word_1_120' title='bbox 979 1015 1207 1051; x_wconf 82' lang='lat' dir='ltr'><strong>elaborandis</strong></span> <span class='ocrx_word' id='word_1_121' title='bbox 1240 1018 1348 1061; x_wconf 80' lang='lat' dir='ltr'><strong>atque</strong></span> <span class='ocrx_word' id='word_1_122' title='bbox 1384 1014 1536 1050; x_wconf 85' lang='lat' dir='ltr'><strong>edendis</strong></span> 
     </span>
     <span class='ocr_line' id='line_1_15' title="bbox 129 1072 1537 1125; baseline -0.001 -13"><span class='ocrx_word' id='word_1_123' title='bbox 129 1079 269 1113; x_wconf 90' lang='lat' dir='ltr'><strong>omnino</strong></span> <span class='ocrx_word' id='word_1_124' title='bbox 294 1076 506 1113; x_wconf 82' lang='lat' dir='ltr'><strong>abstineret.</strong></span> <span class='ocrx_word' id='word_1_125' title='bbox 552 1079 649 1113; x_wconf 90' lang='lat' dir='ltr'><strong>Nam</strong></span> <span class='ocrx_word' id='word_1_126' title='bbox 671 1080 709 1113; x_wconf 87' lang='lat' dir='ltr'><strong>in</strong></span> <span class='ocrx_word' id='word_1_127' title='bbox 733 1078 859 1113; x_wconf 86' lang='lat' dir='ltr'><strong>eadem</strong></span> <span class='ocrx_word' id='word_1_128' title='bbox 875 1072 1051 1125; x_wconf 83' lang='lat' dir='ltr'><strong>epistola,</strong></span> <span class='ocrx_word' id='word_1_129' title='bbox 1070 1080 1109 1113; x_wconf 87' lang='lat' dir='ltr'><strong>in</strong></span> <span class='ocrx_word' id='word_1_130' title='bbox 1136 1088 1206 1125; x_wconf 80' lang='lat' dir='ltr'><strong>qua</strong></span> <span class='ocrx_word' id='word_1_131' title='bbox 1222 1078 1433 1114; x_wconf 79' lang='lat' dir='ltr'><strong>consulares</strong></span> <span class='ocrx_word' id='word_1_132' title='bbox 1452 1087 1537 1113; x_wconf 53' lang='grc' dir='ltr'><strong>οη,-</strong></span> 
     </span>
     <span class='ocr_line' id='line_1_16' title="bbox 128 1131 1533 1189; baseline 0 -14"><span class='ocrx_word' id='word_1_133' title='bbox 128 1142 247 1176; x_wconf 89' lang='lat' dir='ltr'><strong>tiones</strong></span> <span class='ocrx_word' id='word_1_134' title='bbox 280 1143 489 1186; x_wconf 80' lang='lat' dir='ltr'><strong>enumerat,</strong></span> <span class='ocrx_word' id='word_1_135' title='bbox 525 1141 642 1176; x_wconf 85' lang='lat' dir='ltr'><strong>facete</strong></span> <span class='ocrx_word' id='word_1_136' title='bbox 677 1141 837 1189; x_wconf 77' lang='lat' dir='ltr'><strong>quaedam</strong></span> <span class='ocrx_word' id='word_1_137' title='bbox 871 1131 909 1177; x_wconf 72' lang='lat' dir='ltr'><strong>et</strong></span> <span class='ocrx_word' id='word_1_138' title='bbox 938 1142 1146 1189; x_wconf 79' lang='lat' dir='ltr'><strong>petulanter</strong></span> <span class='ocrx_word' id='word_1_139' title='bbox 1175 1142 1212 1177; x_wconf 86' lang='lat' dir='ltr'><strong>in</strong></span> <span class='ocrx_word' id='word_1_140' title='bbox 1241 1140 1407 1177; x_wconf 85' lang='lat' dir='ltr'><strong>Clodium</strong></span> <span class='ocrx_word' id='word_1_141' title='bbox 1439 1140 1533 1175; x_wconf 79' lang='lat' dir='ltr'><strong>dicta</strong></span> 
     </span>
     <span class='ocr_line' id='line_1_17' title="bbox 127 1205 1534 1253; baseline 0 -15"><span class='ocrx_word' id='word_1_142' title='bbox 127 1213 261 1252; x_wconf 83' lang='lat' dir='ltr'><strong>magna</strong></span> <span class='ocrx_word' id='word_1_143' title='bbox 284 1213 363 1238; x_wconf 88' lang='lat' dir='ltr'><strong>cum</strong></span> <span class='ocrx_word' id='word_1_144' title='bbox 386 1213 453 1239; x_wconf 89' lang='lat' dir='ltr'><strong>sua</strong></span> <span class='ocrx_word' id='word_1_145' title='bbox 478 1205 663 1252; x_wconf 81' lang='lat' dir='ltr'><strong>voluptate</strong></span> <span class='ocrx_word' id='word_1_146' title='bbox 686 1205 808 1240; x_wconf 84' lang='lat' dir='ltr'><strong>refert.</strong></span> <span class='ocrx_word' id='word_1_147' title='bbox 856 1206 946 1240; x_wconf 85' lang='lat' dir='ltr'><strong>Tum</strong></span> <span class='ocrx_word' id='word_1_148' title='bbox 961 1206 1076 1253; x_wconf 84' lang='lat' dir='ltr'><strong>igitur</strong></span> <span class='ocrx_word' id='word_1_149' title='bbox 1091 1205 1263 1242; x_wconf 89' lang='lat' dir='ltr'><strong>videlicet</strong></span> <span class='ocrx_word' id='word_1_150' title='bbox 1277 1205 1449 1240; x_wconf 82' lang='lat' dir='ltr'><strong>invidiam</strong></span> <span class='ocrx_word' id='word_1_151' title='bbox 1464 1214 1534 1239; x_wconf 87' lang='lat' dir='ltr'><strong>ex-</strong></span> 
     </span>
     <span class='ocr_line' id='line_1_18' title="bbox 126 1266 1534 1317; baseline 0 -15"><span class='ocrx_word' id='word_1_152' title='bbox 126 1269 240 1303; x_wconf 87' lang='lat' dir='ltr'><strong>citare</strong></span> <span class='ocrx_word' id='word_1_153' title='bbox 269 1269 307 1302; x_wconf 91' lang='lat' dir='ltr'><strong>et</strong></span> <span class='ocrx_word' id='word_1_154' title='bbox 329 1276 469 1315; x_wconf 82' lang='lat' dir='ltr'><strong>augere</strong></span> <span class='ocrx_word' id='word_1_155' title='bbox 499 1266 629 1305; x_wconf 85' lang='lat' dir='ltr'><strong>Cicero</strong></span> <span class='ocrx_word' id='word_1_156' title='bbox 661 1268 874 1314; x_wconf 86' lang='lat' dir='ltr'><strong>verebatur,</strong></span> <span class='ocrx_word' id='word_1_157' title='bbox 905 1280 1011 1317; x_wconf 84' lang='lat' dir='ltr'><strong>quum</strong></span> <span class='ocrx_word' id='word_1_158' title='bbox 1032 1269 1140 1317; x_wconf 81' lang='lat' dir='ltr'><strong>paulo</strong></span> <span class='ocrx_word' id='word_1_159' title='bbox 1163 1273 1250 1304; x_wconf 89' lang='lat' dir='ltr'><strong>ante</strong></span> <span class='ocrx_word' id='word_1_160' title='bbox 1273 1268 1364 1303; x_wconf 87' lang='lat' dir='ltr'><strong>satis</strong></span> <span class='ocrx_word' id='word_1_161' title='bbox 1387 1276 1534 1315; x_wconf 78' lang='lat' dir='ltr'><strong>aspere,</strong></span> 
     </span>
     <span class='ocr_line' id='line_1_19' title="bbox 126 1324 1536 1377; baseline -0.001 -11"><span class='ocrx_word' id='word_1_162' title='bbox 126 1334 166 1366; x_wconf 91' lang='lat' dir='ltr'><strong>ut</strong></span> <span class='ocrx_word' id='word_1_163' title='bbox 188 1330 381 1366; x_wconf 81' lang='lat' dir='ltr'><strong>AURELI</strong></span> <span class='ocrx_word' id='word_1_164' title='bbox 400 1331 525 1365; x_wconf 91' lang='lat' dir='ltr'><strong>verbis</strong></span> <span class='ocrx_word' id='word_1_165' title='bbox 548 1334 647 1377; x_wconf 82' lang='lat' dir='ltr'><strong>utar,</strong></span> <span class='ocrx_word' id='word_1_166' title='bbox 682 1334 850 1368; x_wconf 88' lang='lat' dir='ltr'><strong>invectus</strong></span> <span class='ocrx_word' id='word_1_167' title='bbox 872 1333 910 1367; x_wconf 90' lang='lat' dir='ltr'><strong>in</strong></span> <span class='ocrx_word' id='word_1_168' title='bbox 930 1324 1082 1368; x_wconf 69' lang='lat' dir='ltr'><strong>necatos</strong></span> <span class='ocrx_word' id='word_1_169' title='bbox 1104 1335 1144 1366; x_wconf 85' lang='lat' dir='ltr'><strong>et</strong></span> <span class='ocrx_word' id='word_1_170' title='bbox 1166 1332 1423 1377; x_wconf 73' lang='lat' dir='ltr'><strong>conjurationis</strong></span> <span class='ocrx_word' id='word_1_171' title='bbox 1445 1331 1536 1365; x_wconf 88' lang='lat' dir='ltr'><strong>reli-</strong></span> 
     </span>
     <span class='ocr_line' id='line_1_20' title="bbox 127 1384 1533 1441; baseline -0.001 -12"><span class='ocrx_word' id='word_1_172' title='bbox 127 1394 230 1440; x_wconf 88' lang='lat' dir='ltr'><strong>quias</strong></span> <span class='ocrx_word' id='word_1_173' title='bbox 254 1396 376 1439; x_wconf 83' lang='lat' dir='ltr'><strong>esset,</strong></span> <span class='ocrx_word' id='word_1_174' title='bbox 398 1384 507 1441; x_wconf 82' lang='lat' dir='ltr'><strong>atque</strong></span> <span class='ocrx_word' id='word_1_175' title='bbox 530 1394 638 1431; x_wconf 89' lang='lat' dir='ltr'><strong>etiam</strong></span> <span class='ocrx_word' id='word_1_176' title='bbox 669 1395 706 1430; x_wconf 91' lang='lat' dir='ltr'><strong>in</strong></span> <span class='ocrx_word' id='word_1_177' title='bbox 729 1393 869 1431; x_wconf 84' lang='lat' dir='ltr'><strong>Senatu</strong></span> <span class='ocrx_word' id='word_1_178' title='bbox 891 1394 1068 1431; x_wconf 77' lang='lat' dir='ltr'><strong>hominem</strong></span> <span class='ocrx_word' id='word_1_179' title='bbox 1092 1395 1370 1433; x_wconf 79' lang='lat' dir='ltr'><strong>inimicissimum</strong></span> <span class='ocrx_word' id='word_1_180' title='bbox 1392 1394 1533 1440; x_wconf 83' lang='lat' dir='ltr'><strong>publice</strong></span> 
     </span>
     <span class='ocr_line' id='line_1_21' title="bbox 127 1452 462 1492; baseline 0 0"><span class='ocrx_word' id='word_1_181' title='bbox 127 1453 278 1492; x_wconf 82' lang='lat' dir='ltr'><strong>ludibrio</strong></span> <span class='ocrx_word' id='word_1_182' title='bbox 301 1452 462 1492; x_wconf 78' lang='lat' dir='ltr'><strong>haberet.</strong></span> 
     </span>
    </p>

    <p class='ocr_par' dir='ltr' id='par_1_3' title="bbox 126 1510 1533 1767">
     <span class='ocr_line' id='line_1_22' title="bbox 215 1510 1533 1570; baseline -0.001 -14"><span class='ocrx_word' id='word_1_183' title='bbox 215 1520 301 1557; x_wconf 86' lang='lat' dir='ltr'><strong>Jam</strong></span> <span class='ocrx_word' id='word_1_184' title='bbox 334 1530 424 1558; x_wconf 90' lang='lat' dir='ltr'><strong>vero</strong></span> <span class='ocrx_word' id='word_1_185' title='bbox 457 1520 514 1557; x_wconf 89' lang='lat' dir='ltr'><strong>his</strong></span> <span class='ocrx_word' id='word_1_186' title='bbox 538 1522 699 1558; x_wconf 80' lang='lat' dir='ltr'><strong>omnibus</strong></span> <span class='ocrx_word' id='word_1_187' title='bbox 722 1510 905 1558; x_wconf 85' lang='lat' dir='ltr'><strong>doctorum</strong></span> <span class='ocrx_word' id='word_1_188' title='bbox 928 1511 1228 1570; x_wconf 73' lang='lat' dir='ltr'><strong>disputationibus</strong></span> <span class='ocrx_word' id='word_1_189' title='bbox 1251 1530 1406 1569; x_wconf 78' lang='lat' dir='ltr'><strong>magnus</strong></span> <span class='ocrx_word' id='word_1_190' title='bbox 1429 1530 1533 1556; x_wconf 86' lang='lat' dir='ltr'><strong>error</strong></span> 
     </span>
     <span class='ocr_line' id='line_1_23' title="bbox 126 1583 1533 1631; baseline -0.001 -12"><span class='ocrx_word' id='word_1_191' title='bbox 126 1585 262 1619; x_wconf 87' lang='lat' dir='ltr'><strong>subest.</strong></span> <span class='ocrx_word' id='word_1_192' title='bbox 310 1585 408 1621; x_wconf 88' lang='lat' dir='ltr'><strong>Nam</strong></span> <span class='ocrx_word' id='word_1_193' title='bbox 432 1584 720 1621; x_wconf 87' lang='lat' dir='ltr'><strong>Catilinariarum</strong></span> <span class='ocrx_word' id='word_1_194' title='bbox 754 1594 844 1631; x_wconf 82' lang='lat' dir='ltr'><strong>quas</strong></span> <span class='ocrx_word' id='word_1_195' title='bbox 874 1588 1010 1621; x_wconf 85' lang='lat' dir='ltr'><strong>vocant</strong></span> <span class='ocrx_word' id='word_1_196' title='bbox 1043 1585 1138 1631; x_wconf 82' lang='lat' dir='ltr'><strong>apud</strong></span> <span class='ocrx_word' id='word_1_197' title='bbox 1171 1586 1337 1631; x_wconf 88' lang='lat' dir='ltr'><strong>antiquos</strong></span> <span class='ocrx_word' id='word_1_198' title='bbox 1369 1583 1533 1631; x_wconf 75' lang='lat' dir='ltr'><strong>proiecto</strong></span> 
     </span>
     <span class='ocr_line' id='line_1_24' title="bbox 126 1647 1532 1696; baseline -0.001 -13"><span class='ocrx_word' id='word_1_199' title='bbox 126 1647 224 1683; x_wconf 88' lang='lat' dir='ltr'><strong>nulla</strong></span> <span class='ocrx_word' id='word_1_200' title='bbox 249 1650 330 1683; x_wconf 87' lang='lat' dir='ltr'><strong>erat</strong></span> <span class='ocrx_word' id='word_1_201' title='bbox 362 1648 500 1684; x_wconf 85' lang='lat' dir='ltr'><strong>notitia</strong></span> <span class='ocrx_word' id='word_1_202' title='bbox 547 1648 678 1696; x_wconf 86' lang='lat' dir='ltr'><strong>Neque</strong></span> <span class='ocrx_word' id='word_1_203' title='bbox 714 1649 810 1684; x_wconf 88' lang='lat' dir='ltr'><strong>enim</strong></span> <span class='ocrx_word' id='word_1_204' title='bbox 842 1647 971 1685; x_wconf 80' lang='lat' dir='ltr'><strong>Cicero</strong></span> <span class='ocrx_word' id='word_1_205' title='bbox 1000 1649 1024 1685; x_wconf 90' lang='lat' dir='ltr'><strong>l.</strong></span> <span class='ocrx_word' id='word_1_206' title='bbox 1048 1648 1107 1684; x_wconf 81' lang='lat' dir='ltr'><strong>cit.</strong></span> <span class='ocrx_word' id='word_1_207' title='bbox 1132 1651 1266 1695; x_wconf 78' lang='lat' dir='ltr'><strong>praeter</strong></span> <span class='ocrx_word' id='word_1_208' title='bbox 1300 1656 1428 1693; x_wconf 89' lang='lat' dir='ltr'><strong>unam,</strong></span> <span class='ocrx_word' id='word_1_209' title='bbox 1464 1655 1532 1693; x_wconf 84' lang='lat' dir='ltr'><strong>qua</strong></span> 
     </span>
     <span class='ocr_line' id='line_1_25' title="bbox 128 1710 1532 1768; baseline -0.001 -23"><span class='ocrx_word' id='word_1_210' title='bbox 128 1711 320 1758; x_wconf 84' lang='lat' dir='ltr'><strong>Catilinam</strong></span> <span class='ocrx_word' id='word_1_211' title='bbox 344 1712 533 1758; x_wconf 88' lang='lat' dir='ltr'><strong>emiserit,</strong></span> <span class='ocrx_word' id='word_1_212' title='bbox 546 1713 609 1748; x_wconf 86' lang='lat' dir='ltr'><strong>vel</strong></span> <span class='ocrx_word' id='word_1_213' title='bbox 634 1714 666 1748; x_wconf 90' lang='lat' dir='ltr'><strong>si</strong></span> <span class='ocrx_word' id='word_1_214' title='bbox 686 1713 802 1767; x_wconf 88' lang='lat' dir='ltr'><strong>mavis</strong></span> <span class='ocrx_word' id='word_1_215' title='bbox 825 1713 976 1766; x_wconf 78' lang='lat' dir='ltr'><strong>alteram</strong></span> <span class='ocrx_word' id='word_1_216' title='bbox 983 1721 1166 1768; x_wconf 71' lang='lat' dir='ltr'><strong>quoque,</strong></span> <span class='ocrx_word' id='word_1_217' title='bbox 1181 1712 1273 1765; x_wconf 80' lang='lat' dir='ltr'><strong>alias</strong></span> <span class='ocrx_word' id='word_1_218' title='bbox 1295 1712 1338 1746; x_wconf 94' lang='lat' dir='ltr'><strong>in</strong></span> <span class='ocrx_word' id='word_1_219' title='bbox 1362 1710 1532 1745; x_wconf 86' lang='lat' dir='ltr'><strong>Catili-</strong></span> 
     </span>
    </p>
   </div>
   <div class='ocr_carea' id='block_1_3' title="bbox 128 1760 1535 1824">
    <p class='ocr_par' dir='ltr' id='par_1_4' title="bbox 128 1760 1535 1824">
     <span class='ocr_line' id='line_1_26' title="bbox 128 1760 1535 1824; baseline 0 -14"><span class='ocrx_word' id='word_1_220' title='bbox 128 1784 225 1811; x_wconf 86' lang='lat' dir='ltr'><strong>nam</strong></span> <span class='ocrx_word' id='word_1_221' title='bbox 248 1762 433 1822; x_wconf 82' lang='lat' dir='ltr'><strong>inscripsit</strong></span> <span class='ocrx_word' id='word_1_222' title='bbox 457 1761 674 1823; x_wconf 81' lang='lat' dir='ltr'><strong>orationes,</strong></span> <span class='ocrx_word' id='word_1_223' title='bbox 679 1760 783 1824; x_wconf 82' lang='lat' dir='ltr'><strong>quod</strong></span> <span class='ocrx_word' id='word_1_224' title='bbox 798 1761 897 1814; x_wconf 86' lang='lat' dir='ltr'><strong>certe</strong></span> <span class='ocrx_word' id='word_1_225' title='bbox 902 1761 1083 1818; x_wconf 71' lang='lat' dir='ltr'><strong>faisarum</strong></span> <span class='ocrx_word' id='word_1_226' title='bbox 1099 1778 1223 1813; x_wconf 90' lang='lat' dir='ltr'><strong>auctor</strong></span> <span class='ocrx_word' id='word_1_227' title='bbox 1241 1786 1312 1812; x_wconf 91' lang='lat' dir='ltr'><strong>non</strong></span> <span class='ocrx_word' id='word_1_228' title='bbox 1331 1774 1535 1822; x_wconf 81' lang='lat' dir='ltr'><strong>omisisset,</strong></span> 
     </span>
    </p>
   </div>
   <div class='ocr_carea' id='block_1_4' title="bbox 126 1878 380 1886">
    <p class='ocr_par' dir='ltr' id='par_1_5' title="bbox 126 1878 380 1886">
     <span class='ocr_line' id='line_1_27' title="bbox 126 1878 380 1886; baseline 0 0"><span class='ocrx_word' id='word_1_229' title='bbox 126 1878 380 1886; x_wconf 95' lang='lat' dir='ltr'><strong> </strong></span> 
     </span>
    </p>
   </div>
   <div class='ocr_carea' id='block_1_5' title="bbox 163 1916 1532 2065">
    <p class='ocr_par' dir='ltr' id='par_1_6' title="bbox 163 1916 1532 2065">
     <span class='ocr_line' id='line_1_28' title="bbox 163 1916 1532 1973; baseline -0.005 -6"><span class='ocrx_word' id='word_1_230' title='bbox 163 1941 191 1973; x_wconf 74' lang='lat'><strong>⁶)</strong></span> <span class='ocrx_word' id='word_1_231' title='bbox 217 1940 311 1967; x_wconf 76' lang='lat' dir='ltr'><strong>Data·</strong></span> <span class='ocrx_word' id='word_1_232' title='bbox 330 1924 409 1966; x_wconf 79' lang='lat' dir='ltr'><strong>enim</strong></span> <span class='ocrx_word' id='word_1_233' title='bbox 427 1919 465 1966; x_wconf 72' lang='lat' dir='ltr'><strong>ad</strong></span> <span class='ocrx_word' id='word_1_234' title='bbox 482 1939 544 1965; x_wconf 77' lang='lat' dir='ltr'><strong>Att.</strong></span> <span class='ocrx_word' id='word_1_235' title='bbox 561 1938 668 1966; x_wconf 76' lang='lat' dir='ltr'><strong>litem</strong></span> <span class='ocrx_word' id='word_1_236' title='bbox 687 1938 724 1965; x_wconf 79' lang='lat' dir='ltr'><strong>ad</strong></span> <span class='ocrx_word' id='word_1_237' title='bbox 743 1943 850 1965; x_wconf 82' lang='lat' dir='ltr'><strong>annum</strong></span> <span class='ocrx_word' id='word_1_238' title='bbox 845 1916 1007 1964; x_wconf 72' lang='lat' dir='ltr'><strong>referunt</strong></span> <span class='ocrx_word' id='word_1_239' title='bbox 1025 1934 1096 1972; x_wconf 71' lang='lat'><strong>⁶911,</strong></span> <span class='ocrx_word' id='word_1_240' title='bbox 1126 1938 1175 1971; x_wconf 85' lang='lat' dir='ltr'><strong>qui</strong></span> <span class='ocrx_word' id='word_1_241' title='bbox 1202 1938 1271 1964; x_wconf 79' lang='lat' dir='ltr'><strong>ante</strong></span> <span class='ocrx_word' id='word_1_242' title='bbox 1299 1935 1424 1964; x_wconf 81' lang='lat' dir='ltr'><strong>exilium</strong></span> <span class='ocrx_word' id='word_1_243' title='bbox 1444 1934 1532 1964; x_wconf 85' lang='lat' dir='ltr'><strong>Cice-</strong></span> 
     </span>
     <span class='ocr_line' id='line_1_29' title="bbox 219 1988 1313 2065; baseline -0.001 -48"><span class='ocrx_word' id='word_1_244' title='bbox 219 1989 303 2017; x_wconf 68' lang='lat' dir='ltr'><strong>renis</strong></span> <span class='ocrx_word' id='word_1_245' title='bbox 322 1988 392 2015; x_wconf 73' lang='lat' dir='ltr'><strong>terti</strong></span> <span class='ocrx_word' id='word_1_246' title='bbox 382 1996 430 2015; x_wconf 76' lang='lat' dir='ltr'><strong>iun</strong></span> <span class='ocrx_word' id='word_1_247' title='bbox 449 1989 504 2018; x_wconf 73' lang='lat' dir='ltr'><strong>est</strong></span> <span class='ocrx_word' id='word_1_248' title='bbox 1288 2029 1313 2065; x_wconf 72' lang='grc'><strong>3</strong></span> 
     </span>
    </p>
   </div>
  </div>
 </body>
</html>
