1722 2442
728 189 1018 230 —26—›

157 302 323 340 mendam
343 302 544 336 deerevere
562 299 620 345 δ’).
667 296 745 335 Sed
769 297 925 344 caesar,
959 300 1108 345 praetor
1130 299 1275 334 creatus
1294 298 1362 346 ³¹),
1399 297 1567 336 Ciceroni

156 366 285 403 dudum
307 366 502 412 suspectus
519 363 566 409 42)
596 366 750 412 rogatus
772 364 1012 408 sententiam,
1036 363 1198 410 ampliori
1221 375 1309 400 usus
1333 365 1497 401 oratione
1518 365 1564 410 ³³)

157 432 317 467 censuit:
355 426 593 477 publicandas
614 437 737 465 eorum
760 428 954 475 pecunias,
988 429 1089 474 ipsos
1120 428 1156 462 in
1189 429 1345 464 vinculis
1382 428 1566 465 habendos

154 502 220 543 per
242 481 438 542 municipia
460 494 521 540 ³⁴),
545 501 617 530 neu
640 494 720 541 quis
749 492 797 529 de
820 493 930 529 venia
953 493 1007 528 eis
1039 491 1157 528 danda
1179 495 1310 539 postea
1333 494 1379 530 ad
1401 497 1564 531 senatum

152 559 331 606 referret,
354 567 451 595 neve
473 568 552 593 eum
575 559 706 605 populo
731 561 863 605 ageret
885 559 944 602 ³5).
993 557 1052 592 Ad
1075 557 1164 592 haee
1187 567 1293 602 quum
1316 559 1430 593 ceteri
1453 558 1565 594 verbo

153 624 248 659 alius
265 624 324 659 alii
340 621 609 658 adsentirentur
630 621 676 667 ³⁶)
687 648 697 666 ‚
720 622 856 669 primns
871 621 952 656 Tib.
970 622 1071 657 Nero
1089 621 1137 666 ³⁷)
1149 646 1159 666 ,
1183 619 1347 657 Caesare
1372 620 1567 658 honoribus

153 689 302 723 inferior
322 685 392 731 ³⁵),
422 697 469 721 ne
493 687 585 721 dixit
609 686 749 732 quidem
773 686 819 721 de
843 696 949 732 poena
970 687 1206 732 sententiam,
1230 686 1299 721 sed
1321 695 1466 720 causam
1480 697 1568 731 pro-

153 751 335 786 latandam
364 751 413 794 ³⁹)
437 750 597 795 censuit,
630 750 713 786 dum
740 750 897 787 Catilina
918 750 1173 786 debellaretur.
1222 750 1324 787 Tunc
1346 749 1476 786 Cicero
1505 750 1568 795 4⁰),

152 819 318 853 metuens
341 816 483 851 noctem
506 815 700 850 instantem
719 816 790 862 ⁴¹),
824 825 872 850 ne
906 816 1042 851 conscii
1073 816 1355 862 conjurationis,
1394 815 1461 851 sibi
1495 824 1568 849 nou

153 881 268 915 minus
292 880 461 915 timentes
485 889 590 925 quam
612 881 705 924 reis,
729 880 855 916 turbas
879 883 1089 926 moverent,
1120 891 1189 927 quo
1217 880 1400 916 decretum
1423 877 1568 914 accele-

152 947 253 979 raret
272 946 340 990 ⁴²),
365 945 509 980 exstitit
528 947 637 990 atque
661 946 921 991 praetermissa
945 946 1147 992 prolatione
1165 947 1179 969 ⁴
1195 947 1228 989 ),
1260 948 1447 989 utrumque
1471 942 1568 978 illum

150 1008 327 1053 laudans,
363 1008 471 1043 alteri
494 1009 613 1055 magis
637 1009 844 1044 assentiens
869 1011 931 1055 ¹³⁴),
955 1012 1098 1044 ceteros
1122 1009 1330 1044 cohortatus
1355 1011 1435 1052 est,
1469 1006 1569 1052 judi-

152 1073 249 1107 cavit
268 1071 343 1121 4‘);
382 1083 454 1108 non
489 1073 610 1108 multis
645 1074 828 1119 persuasit
848 1072 909 1117 ⁴⁶).
956 1073 1052 1108 Nam
1082 1074 1231 1117 iterum3
1272 1076 1311 1108 ut
1344 1071 1489 1107 videtur
1508 1071 1569 1113 ⁴⁷),

152 1136 316 1181 rogavit.
357 1134 507 1170 Silanus
531 1138 669 1170 mutata
692 1137 874 1171 sententia
891 1135 940 1180 48)
965 1137 1140 1171 mitiorem
1164 1135 1243 1170 fieri
1263 1136 1325 1180 4⁹),
1348 1135 1509 1172 Neronis
1531 1136 1569 1172 in

152 1200 372 1234 sententiam
383 1200 513 1234 iturum
523 1209 565 1235 se
576 1200 740 1236 confiteri
759 1201 828 1245 5⁵):
845 1199 995 1236 Catulus
1012 1212 1104 1236 unus
1119 1199 1272 1236 Caesari
1283 1200 1495 1246 obstrepere
1511 1200 1570 1244 5¹),

153 1263 266 1296 ceteri
288 1264 336 1307 5²)
361 1266 401 1297 et
424 1263 468 1307 Q.
493 1264 623 1299 Cicero
646 1266 693 1308 ς4)
717 1265 764 1299 de
789 1264 949 1300 Consule
972 1268 1011 1299 et
1034 1267 1110 1300 suis
1131 1267 1334 1300 metuentes
1355 1265 1402 1309 5⁴)
1418 1276 1430 1308 ·,
1447 1264 1569 1300 mitio·-

151 1335 228 1362 rem
251 1325 426 1363 Caesaris
448 1330 668 1364 sententiam
691 1328 877 1376 amplecti:
914 1330 1077 1378 plerique
1101 1330 1193 1365 alius
1218 1330 1325 1366 alium
1348 1329 1570 1375 exspectan-

188 1450 228 1483 30)
247 1453 312 1480 Sal.
330 1454 388 1480 cet.
430 1451 467 1484 ³¹)
487 1455 572 1481 Suet.
591 1454 670 1482 Plut.
690 1453 753 1480 Cic.
765 1455 813 1483 21.
833 1453 913 1489 »τὰς
932 1455 1058 1491 πρῶνας
1076 1453 1160 1488 ἔχων
1178 1456 1234 1490 τῆς
1253 1454 1417 1491 αὐξήσεως
1436 1452 1570 1493 &gude-'⁷

262 1500 301 1534 ³²)
319 1502 399 1529 Plut.
419 1503 459 1529 ib.
478 1504 557 1536 APP-
577 1504 630 1530 vix
649 1503 803 1530 obnitente
821 1503 884 1531 Sal.
922 1501 961 1535 ³3)
981 1503 1043 1530 Sal.
1069 1502 1133 1531 Cio.
1158 1504 1243 1531 Suet.
1269 1505 1347 1532 Plut.
1386 1499 1429 1541 34)
1448 1506 1488 1534 ib,
1511 1505 1569 1531 Dio

259 1551 340 1578 Vell.
363 1553 443 1585 App.
462 1552 519 1578 1110
537 1559 632 1587 vero,
663 1554 713 1585 qui
732 1553 864 1579 Neronis
885 1554 916 1579 et
937 1552 1068 1579 caesaris
1086 1554 1252 1580 sententias
1272 1554 1444 1589 confundit,
1475 1561 1569 1588 prave

262 1601 359 1633 addit,
372 1602 407 1627 ut
420 1601 573 1628 debellato
589 1600 720 1628 Catilina
731 1602 762 1627 in
772 1599 922 1635 judicium
935 1601 1166 1628 adducerentur.
1203 1599 1243 1637 ³⁵)
1264 1603 1328 1631 Sal.
1348 1603 1415 1630 Dio.
1453 1601 1492 1635 ³⁶)
1506 1604 1569 1631 Sal.

263 1655 290 1678 c.
312 1648 358 1678 52.
377 1649 459 1678 Plut.
473 1650 549 1684 App.
587 1647 629 1686 ³⁷)
650 1651 712 1678 Sal.
728 1652 807 1685 App.
829 1652 927 1686 errat,
945 1651 1098 1678 Neronem
1116 1654 1186 1680 ante
1200 1652 1350 1683 caesarem
1367 1661 1493 1690 ponens,
1514 1654 1570 1681 ob-

261 1700 427 1728 nitentibus
445 1700 545 1728 Dione
564 1702 594 1726 et
611 1702 692 1730 Plut.
709 1701 786 1728 Cas.
806 1704 834 1730 7.
855 1708 952 1735 neque
965 1702 1027 1728 Sal.
1047 1705 1252 1731 consentiente
1270 1706 1352 1733 c.50‚
1392 1702 1430 1736 ³⁸)
1449 1704 1569 1732 biennio

261 1750 748 1782 postpraetorfactus.vid.A1m.
786 1748 827 1787 ³⁹)
848 1751 1005 1786 sauapp.
1042 1747 1082 1783 4ο)
1099 1753 1180 1783 mut.
1196 1754 1272 1788 App.
1306 1748 1343 1786 41)
1361 1755 1439 1791 App.
1470 1748 1510 1785 42)
1528 1754 1567 1780 n».

262 1792 303 1830 ⁴¹³)
322 1800 392 1827 Non
419 1801 497 1827 euim
530 1802 563 1827 ut
592 1803 717 1829 nostros
746 1801 910 1830 Consulem
942 1803 975 1831 P.
1002 1803 1038 1831 Β.
1064 1804 1271 1840 obsti-ingebat
1295 1806 1446 1834 sententia
1465 1804 1568 1842 (quam

261 1850 375 1875 vocant
393 1849 698 1884 ordnungsmotion).
736 1846 777 1883 44)
795 1853 875 1879 mut.
913 1847 954 1884 45)
975 1852 1037 1879 Cic.
1057 1855 1095 1881 ad
1111 1855 1177 1884 Λα.
1196 1856 1261 1891 xu,
1279 1847 1324 1883 21'.
1345 1857 1393 1886 [m
1410 1856 1471 1884 Pis.
1492 1855 1519 1890 7,
1539 1853 1567 1884 4.

262 1896 383 1923 dubium
404 1898 479 1929 eatJ.
516 1892 555 1930 46)
577 1899 657 1928 Plut.
678 1900 751 1928 coll.
769 1901 833 1928 Sal.
868 1895 911 1937 47)
931 1903 969 1929 ad
987 1903 1050 1932 Λα,
1070 1904 1134 1940 111,
1154 1905 1199 1935 21.
1223 1906 1284 1934 nisi
1302 1901 1383 1932 forte
1399 1905 1522 1938 turbam
1536 1906 1569 1931 in

262 1947 370 1984 senatu
392 1948 423 1974 et
449 1948 608 1990 tumultum
633 1950 747 1978 factum
765 1952 892 1988 statuis,
919 1953 953 1979 ut
978 1954 1090 1989 singuli
1107 1956 1245 1990 singulis
1274 1944 1490 1990 obstreperent.
1527 1949 1567 1986 ⁴⁸)

262 1996 342 2025 mut.
373 1996 435 2024 cic.
454 1999 501 2027 21.
536 1998 601 2025 cat.
620 2000 664 2027 22.
700 1994 740 2031 ⁴⁹)
758 2001 843 2031 Suet.
872 2002 949 2030 σω.
988 2002 1025 2035 50)
1051 2004 1114 2031 sa1.
1152 2004 1188 2037 ε1)
1206 2006 1284 2033 mut.
1323 2003 1362 2038 ⁵2)
1382 2006 1459 2035 sau,
1487 2005 1566 2031 Vell-

262 2045 331 2076 nio.
350 2046 429 2075 Plut.
448 2048 526 2083 App.
567 2046 605 2081 84)
624 2049 708 2079 suet.
748 2044 786 2082 54)
804 2051 882 2079 mut.
