1722 2442
737 194 1006 233 —20—

167 305 319 342 dicendo
343 302 580 348 sententiam,
605 301 931 337 orationem·istam
958 300 1055 334 Non.
1083 299 1173 334 Dee.
1197 298 1320 335 haberi
1345 297 1443 332 nullo
1470 302 1575 344 pacto

168 370 329 417 potuisse
357 364 714 402 fortiter‘concludst.
771 364 824 400 At
845 362 936 399 haec
964 371 1056 410 quae
1075 363 1215 411 'viginti
1237 363 1383 412 paginis
1408 361 1574 410 disputa-

167 435 242 476 vit,
275 431 404 477 quibus
426 432 539 465 totam
564 429 736 464 orationis
766 430 918 473 quartae
942 427 1191 461 auctoritatem
1217 427 1452 471 labefactari,
1488 437 1575 472 pro-

166 494 302 541 sterni,
326 494 447 530 everti
471 494 594 541 putat,
618 501 722 539 quam
745 494 909 528 contorta
930 498 1036 538 quam
1059 489 1225 536 quaesita
1251 489 1349 535 sint,
1381 493 1418 525 et
1443 500 1508 537 per
1535 500 1576 525 se

166 557 282 606 liquet
305 561 344 594 et
365 565 463 593 nova
485 556 679 593 AURELI
703 557 910 602 conjectura
934 556 1028 591 satis
1052 553 1227 602 arguitur.

257 622 393 655 Verum
427 621 523 654 enim
549 629 639 655 vero
677 620 710 653 si
741 619 833 653 fides
855 618 1023 653 habenda
1056 621 1114 653 est
1138 617 1326 653 Ciceronis
1353 617 1578 662 testimonio,

163 684 310 732 propria
343 681 410 718 fuit
440 681 574 729 oratio,
610 690 718 729 quam
748 680 872 717 habuit
895 683 934 718 in
954 680 1099 718 Senatu
1133 681 1232 718 Nou.
1260 680 1350 718 Dec.
1389 680 1578 717 Retulisse

164 751 284 783 autem
298 747 506 782 -Consulem
531 743 779 781 ad'Senatum
802 747 950 792 saepius
976 746 1056 781 fuse
1081 750 1118 781 et
1141 748 1268 780 ornate
1291 755 1396 790 quam
1423 743 1519 779 nude
1535 754 1579 778 ac

163 810 345 856 breviter,
372 808 442 845 hoc
472 808 564 844 satis
593 810 736 844 constat
766 811 875 856 atque
907 807 1027 845 AHR.
1060 809 1140 856 ipse
1167 809 1249 855 ejus
1273 808 1327 844 rei
1350 811 1467 844 testes
1491 808 1579 845 facit

164 875 397 921 Ciceronem,
432 874 600 917 Livium,
632 873 859 919 Dionysium.
906 873 999 917 Quid
1029 874 1142 920 igitur
1175 873 1336 909 interfuit
1368 874 1463 909 inter
1486 873 1579 909 hane

164 941 244 985 eJus
276 938 348 973 diei
385 938 600 974 relationem
633 940 744 986 atque
776 940 942 984 ceteras,
979 941 1018 973 ut
1053 947 1133 973 eam
1160 938 1382 985 potissimum
1409 940 1578 984 tanquam

163 1004 363 1039 orationem
386 1001 570 1048 laudaret,
594 1010 665 1048 qua
688 1003 831 1037 nomine
857 1002 977 1048 quivis
999 1002 1186 1037 Romanus
1207 1002 1350 1037 minime
1376 1012 1420 1037 ea
1441 1002 1578 1038 intelli-

161 1071 293 1116 geret,
318 1077 410 1114 quae
431 1067 561 1102 referri
583 1067 750 1103 solebant
768 1069 967 1102 convocato
991 1068 1121 1102 senatu
1129 1061 1151 1101 ’ἔ
1197 1066 1310 1102 Immo
1333 1075 1424 1102 vero
1441 1067 1577 1102 rectius

162 1134 363 1168 orationem
376 1158 386 1177 ‚
411 1143 481 1180 qua
506 1133 568 1169 vel
596 1138 742 1168 causam
767 1131 896 1167 Cicero
923 1131 1162 1176 constituerit,
1185 1131 1247 1166 vel
1258 1130 1491 1176 Judicaverit,
1514 1132 1576 1167 vel

161 1199 371 1232 senatorum
388 1198 527 1232 animos
552 1200 590 1232 et
606 1197 758 1232 consilia
779 1196 1069 1241 confirmaverit,
1094 1205 1143 1230 ex
1165 1206 1284 1231 rerum
1299 1199 1373 1230 tum
1389 1199 1577 1241 gestarum

162 1261 303 1298 ratione
331 1264 369 1296 et
392 1260 564 1296 Consulis
586 1259 793 1296 conditione
818 1259 1031 1295 relationem
1052 1259 1269 1306 appellatam
1290 1261 1397 1306 atque
1420 1259 1489 1295 hoe
1508 1271 1577 1295 no-

162 1325 257 1360 mine
293 1326 449 1361 maxime
480 1328 554 1361 tam
587 1325 781 1372 magnifiee
813 1325 996 1360 laudatam
1025 1325 1140 1360 fuisse
1171 1324 1320 1360 dixeris.
1370 1325 1577 1362 Orationem

161 1392 281 1424 autem
306 1389 451 1435 haberi,
468 1392 657 1435 antequam
676 1400 771 1424 unus
787 1390 848 1424 vel
873 1389 967 1424 alter
985 1387 1203 1423 sententiam
1223 1388 1380 1435 diceret5
1403 1399 1483 1425 cum
1499 1402 1577 1426 om*

162 1463 232 1489 nes
260 1452 437 1499 judicium
470 1464 606 1489 summo
644 1462 756 1499 opere
787 1455 1065 1499 exspectarent,
1100 1451 1184 1499 quid
1214 1454 1576 1501 poterat-prodesse,

160 1529 266 1564 quum
290 1517 479 1553 Ciceronis
502 1518 692 1563 plurimum
715 1518 932 1562 interesset,
966 1520 1110 1552 ceteros
1130 1518 1284 1564 primum
1302 1514 1450 1553 audiri?
1498 1518 1576 1555 Sed

161 1584 201 1616 ut
223 1579 450 1618 AURELIO
474 1580 760 1625 satisfaciamus,
793 1582 854 1627 qui
877 1579 1034 1616 habitam
1060 1579 1121 1617 illo
1145 1581 1203 1617 die
1229 1583 1374 1618 omnino
1396 1583 1529 1619 nullam
1554 1595 1576 1619 a

160 1637 341 1681 Cicerone
371 1645 571 1681 orationem
594 1645 751 1689 obtinet,
787 1654 859 1680 non
882 1645 1030 1691 probat,
1062 1646 1294 1683 ostendamus
1323 1656 1477 1683 necesse
1506 1652 1575 1694 est,

160 1709 329 1756 potuisse
350 1708 548 1745 Consulem
570 1710 678 1746 istam
702 1709 906 1744 orationem
926 1708 1062 1745 habere
1083 1721 1188 1758 quum
1209 1721 1259 1747 ex
1282 1715 1465 1759 potestate
1484 1724 1574 1749 con-

160 1774 272 1810 sulari
299 1778 373 1811 tum
399 1785 448 1811 ex
472 1785 592 1812 rerum
618 1778 748 1811 natura
771 1778 809 1810 et
831 1776 1046 1823 sci-iptorum
1073 1777 1348 1814 narrationibus.
1404 1775 1573 1825 Primum,

159 1839 308 1874 licuisse
332 1838 502 1885 Consuli,
525 1843 565 1875 ut
586 1840 722 1876 orando
742 1840 996 1886 interpellaret
1014 1842 1216 1877 sententias
1237 1845 1409 1889 atqueex
1425 1843 1571 1890 integro

159 1905 330 1948 rogaret,
354 1905 584 1939 certenemo
608 1908 665 1940 est
688 1905 748 1951 qui
770 1904 932 1950 dubitet,
958 1905 1017 1951 qui
1040 1904 1360 1942 Pseudo-Asconii
1389 1906 1435 1942 ad
1463 1908 1570 1943 Verr'.

159 1966 219 2001 liba
245 1966 275 2001 I.
299 1964 339 2013 §-
358 1969 415 2002 90.
449 1965 577 2016 (Bait.
606 1966 775 2017 p.'184.]
806 1968 897 2005 haec
921 1969 1035 2005 verba
1063 1971 1301 2018 cognoverit:
1330 1983 1357 2014 *‚,
1366 1974 1464 2007 metu
1485 1970 1571 2006 dicit

159 2030 306 2076 legatos
330 2031 441 2077 posse
465 2024 598 2068 terreri
612 2039 642 2077 ‚2
658 2033 872 2079 praesertim
887 2029 979 2068 'cum
1011 2054 1054 2060 -
1086 2035 1122 2069 in
1152 2044 1258 2070 manu
1288 2035 1336 2071 sit
1364 2035 1570 2081 consulum,
