1722 2442
722 181 879 246 -21
935 230 987 236 -

156 316 296 364 quando
320 320 358 352 et
382 312 1005 364 quemadmo-dumreserant
1029 310 1075 344 ad
1098 308 1315 355 Senatum,“
1342 311 1474 359 quique
1497 322 1564 359 pe—

156 392 224 418 nes
247 380 442 418 Consulem
465 388 550 415 esse
569 378 793 424 meminerit,
817 377 909 413 alios
932 374 1126 414 consulere
1143 374 1233 410 alios
1248 378 1466 422 praeterire,
1486 376 1565 415 die-

155 449 228 480 tam
248 443 465 480 sententiam
489 444 550 477 aut
574 441 724 476 laudare
750 444 812 475 aut
831 440 1053 487 reprobare=
1085 448 1178 485 quae
1202 440 1319 475 omnia
1338 440 1566 478 AHRENS.

156 520 228 545 non
251 509 417 554 ignorat,
441 506 508 542 sed
531 507 658 542 mirum
680 506 717 541 in
741 505 882 541 modum
905 506 1130 551 contorquet.
1177 502 1259 540 Hoc
1284 504 1413 543 instat:
1444 509 1564 545 denuo

157 572 396 610 consulendos
414 573 546 617 fuisse,
570 574 602 608 si
622 572 757 608 Consul
773 571 975 607 sententias
993 570 1283 618 interpellasset,
1306 569 1373 606 sed
1391 582 1437 606 ne
1453 583 1567 617 quae-

158 646 242 672 rere
258 636 398 682 quidem
418 637 471 671 illi
495 637 533 672 in
550 639 707 672 mentem
724 636 825 671 venit
836 661 847 680 ,
870 638 987 670 utrum
1001 635 1207 671 sententiae
1222 635 1352 669 iterum
1364 638 1403 670 et
1414 634 1461 670 de
1471 646 1565 671 novo

158 706 240 751 post
260 702 449 740 Ciceronis
466 702 526 739 vel
547 702 719 739 Caesaris
735 702 932 738 orationem
951 688 1105 748 rogatae
1120 699 1272 746 suerint,
1296 709 1426 736 necne.
1466 699 1566 745 Quod

159 771 278 802 tamen
300 778 373 802 non
396 768 448 801 ita
472 767 699 813 perspicuum
725 775 808 800 esse
836 764 955 800 debet.

250 833 302 868 At
326 830 526 868 Salustium
547 832 752 880 appellant,
786 832 842 868 cui
865 832 903 867 in
928 830 996 868 hac
1028 832 1121 868 omni
1145 840 1257 866 causa
1280 831 1471 866 maximam
1500 832 1570 867 tri-

163 897 271 931 buunt
302 896 560 931 auctoritatem.
614 897 749 932 Verum
781 907 829 932 ex
857 897 1000 932 silentio
1028 897 1127 932 nulla
1150 898 1251 933 valet
1277 897 1570 944 argumentatioz

163 965 270 1009 atque
291 962 328 1008 ii,
353 962 412 1009 qui
435 962 528 998 hunc
550 965 682 998 testem
704 962 900 1009 adducunt,
924 963 1026 999 obliti
1051 973 1136 999 esse
1153 963 1343 1009 videntur,
1368 960 1569 998 Salustium

163 1026 198 1061 id
225 1027 418 1073 praecipue
442 1028 479 1062 in
505 1028 621 1063 animo
644 1027 814 1063 habuisse
842 1026 900 1076 [c.
923 1029 979 1064 53.
1004 1025 1109 1077 54.],
1133 1030 1173 1063 ut
1199 1027 1371 1063 Caesaris
1393 1031 1431 1063 et
1455 1028 1571 1064 Cato-

162 1091 220 1126 nis
239 1094 403 1127 naturam
427 1094 464 1126 et
485 1101 605 1126 mores
628 1090 700 1126 hac>
719 1102 830 1127 causa
852 1091 987 1127 celebri
1014 1092 1140 1128 oblata
1161 1093 1321 1139 aperiret
1342 1095 1450 1139 atque
1471 1102 1572 1128 com-—

163 1159 320 1203 pararet.
378 1155 607 1203 Quapropter
634 1157 666 1191 is
697 1159 884 1203 utrumque
913 1157 1028 1193 fusius
1059 1158 1278 1193 sententiam
1309 1157 1570 1193 edisserentem

164 1219 269 1265 fecit,
294 1230 365 1255 non
389 1230 457 1267 quo
477 1221 657 1266 propriam
680 1229 724 1255 ac
746 1230 872 1255 veram
888 1221 1073 1272 utriusque
1094 1221 1291 1256 orationem
1315 1220 1480 1265 referret,
1504 1219 1571 1254 sed

164 1283 350 1331 ingenium
387 1286 425 1319 ct
458 1283 599 1320 dicendi
630 1285 809 1320 rationem
840 1284 1048 1320 illustraret.
1095 1284 1263 1320 Profecto
1293 1285 1387 1319 enim
1422 1283 1574 1319 Catonis

167 1348 364 1383 orationem
384 1348 568 1384 Salustius
585 1360 658 1385 non
680 1353 719 1386 ut
739 1349 861 1385 habita
882 1350 999 1385 fuerat
1019 1350 1154 1395 refert,
1178 1361 1284 1396 quum
1303 1350 1402 1385 nulla
1416 1351 1454 1384 in
1469 1353 1574 1396 parte

164 1411 199 1446 id
214 1411 307 1457 quod
321 1411 398 1446 Cic.
422 1411 467 1446 ad
495 1412 571 1446 Att.
584 1411 677 1458 ΧΠ,
700 1414 757 1446 21.
782 1413 879 1447 illum
894 1422 1091 1459 perorasse
1108 1412 1281 1458 affirmat,
1306 1416 1574 1449 commemoret.

168 1474 261 1519 Quid
292 1484 383 1521 ergo
415 1474 602 1510 Ciceronis
629 1476 783 1511 oratoris
812 1475 890 1511 fieri
916 1477 1133 1511 mentionem
1164 1471 1356 1511 interfuit?
1404 1477 1501 1512 Nam
1527 1478 1573 1513 de

167 1539 411 1586 malignitate,
445 1548 549 1586 quam
574 1538 687 1586 vulgo
712 1538 853 1583 ferunt,
882 1537 971 1574 nihil
993 1538 1092 1575 dico:
1126 1539 1342 1585 praesertim
1362 1549 1440 1576 cum
1464 1539 1573 1576 Cice—

167 1604 246 1639 roni
269 1615 371 1639 suum
396 1602 579 1639 Salustius
603 1613 633 1639 c.
654 1605 710 1639 55.
744 1605 845 1649 Juste
873 1612 916 1638 ac
950 1604 1078 1639 merito
1103 1602 1385 1649 dispensaverit.
1440 1603 1574 1648 Quam-

168 1677 272 1714 quam
296 1677 368 1715 ego
390 1678 411 1703 e
433 1666 573 1703 Salusti
594 1667 718 1703 verbis
742 1678 773 1702 e.
792 1669 848 1704 52.
875 1663 1011 1710 „ceteri
1037 1666 1150 1703 verbo
1181 1667 1273 1702 alius
1302 1668 1363 1703 alii
1386 1669 1489 1703 varie
1511 1677 1574 1703 as—

168 1731 433 1767 sentiebantur“
452 1735 489 1768 et
501 1730 651 1767 Catonis
669 1731 797 1767 ibidem
815 1732 926 1775 „alius
944 1732 1050 1767 alium
1063 1733 1321 1778 exspectantes
1341 1733 1574 1772 cunctaminif‘

168 1796 259 1831 satis
286 1796 491 1843 argumenti
521 1795 676 1832 arbitror
701 1806 811 1844 posse
838 1796 1020 1843 depromi,
1050 1794 1144 1831 unde
1170 1795 1384 1833 Ciceronem
1416 1797 1574 1834 incertos

168 1862 206 1893 ut
226 1859 343 1895 videri
365 1862 533 1906 poterant
556 1869 600 1895 ac
620 1860 746 1896 dubios
765 1862 905 1907 patrum
920 1860 1058 1895 animos
1081 1860 1295 1896 excitandos
1319 1863 1427 1907 atque
1447 1871 1576 1897 corro-

169 1922 348 1958 borandos
376 1926 490 1959 ratum
520 1922 634 1959 fuisse
660 1924 842 1970 conjicias.
887 1923 983 1958 Nam
1007 1922 1180 1968 Catonis,
1215 1925 1275 1971 qui
1306 1926 1379 1959 tum
1391 1924 1564 1961 tribunus

169 1986 285 2033 plebis
314 1986 530 2035 designatus
566 1985 723 2036 [Vellej.
748 1987 804 2033 Π,
837 1985 921 2035 34.)
956 1987 1052 2023 inter
1081 1988 1244 2024 minimos
1269 1989 1358 2023 natu
1382 1990 1577 2034 senatores

169 2050 333 2097 sederet,
366 2054 582 2091 sententiam
616 2054 676 2090 vel
702 2053 794 2090 adeo
821 2053 976 2090 suturam
1005 2055 1204 2091 orationem
1237 2052 1400 2101 Consuli,
1434 2055 1494 2101 qui
1517 2055 1578 2093 uhi
