1722 2442
726 181 993 221 —14—

152 294 321 340 quibus
345 293 395 326 in
418 291 626 337 singulis
662 290 946 325 actionibus
969 296 1087 325 usus
1121 294 1225 338 sim,
1257 294 1561 338 cognosces.”

151 357 308 394 Molesta
331 365 421 391 sane
445 354 652 391 verbositas
674 366 740 403 pro
757 353 908 401 simplici
920 353 981 389 illo
998 354 1092 400 quod
1108 355 1313 403 vituperat:
1337 350 1560 403 „Perspicies

152 424 189 456 et
207 431 285 466 quae
308 421 494 467 gesserim
517 423 555 455 et
579 430 657 466 quae
681 419 863 455 dixerim.”
910 418 1001 453 Haec
1025 418 1119 453 enim
1142 421 1292 465 utraque
1304 421 1425 456 Attico
1444 421 1560 456 satius

150 483 497 531 perspicienda
520 493 605 520 esse
628 485 815 531 poterant,
839 484 898 529 qui
922 485 959 518 et
982 482 1116 517 absens
1140 492 1202 517 res
1218 493 1240 517 a
1256 482 1415 520 Consule
1431 487 1560 533 gestas

147 550 184 583 in
208 549 462 584 commentario
486 559 552 584 suo
575 549 870 595 perscripsisset‚
895 557 1013 593 neque
1037 547 1146 589 satis,
1177 549 1217 581 ut
1240 547 1407 583 Ciceroni
1429 550 1560 596 placet,

149 617 287 649 ornate.
327 612 376 648 Et
398 623 489 648 vere
513 612 610 658 dico,
634 612 694 647 diu
724 623 781 647 me
802 611 942 658 quidem
967 614 1168 647 cunctatum
1201 611 1335 656 fuisse,
1369 600 1560 659 antequam

148 678 232 712 mihi
262 676 537 724 persuaderem,
573 676 700 711 Virum
735 678 873 711 tantum
912 677 1009 711 serio
1043 675 1107 710 has
1144 685 1264 722 nugas
1299 685 1414 722 agere
1437 687 1558 722 posse.

148 741 225 776 Sed
256 753 360 786 quum
393 741 491 775 sales
515 741 729 775 urbanitatis
765 740 1031 786 qualescunque
1056 739 1223 775 Ciceroni
1256 739 1456 784 detractos⁷
1491 752 1559 786 quo

146 805 239 840 hunc
263 805 380 851 ipsum
403 805 606 851 longiorem
630 803 823 849 redderet,
858 803 994 839 rhetori
1025 805 1147 839 nescio
1184 805 1239 839 cui
1271 804 1430 850 reliquit,
1466 803 1560 840 idem

146 879 251 915 quam
276 871 486 904 constanter
520 868 670 912 fecerit,
706 870 745 902 ut
779 868 991 902 rusticitatis
1028 870 1134 904 etiam
1171 870 1313 904 nomine
1349 867 1560 903 Ciceronem

146 934 376 978 absolveret,
419 932 767 968 Pseudociceronem
805 932 989 978 afficeret,
1033 934 1112 979 ipse
1151 934 1295 969 viderit.
1359 932 1561 968 Ferendum

146 998 240 1032 enim
264 1009 335 1032 non
362 1007 447 1032 esse
473 997 657 1033 existimat
679 995 763 1031 hoc:
795 999 856 1031 aut
890 1007 937 1031 ne
968 998 1219 1043 poposcisses‚
1260 1008 1331 1044 ego
1369 999 1462 1033 enim
1498 997 1562 1031 tibi

146 1073 200 1096 me
225 1073 297 1097 non
322 1062 539 1097 obserebam.
589 1060 691 1104 Quod
717 1060 857 1106 quidem
882 1061 953 1095 nisi
976 1061 1068 1095 forte
1092 1061 1179 1096 illud
1203 1062 1310 1098 etiam
1334 1060 1371 1109 S
1392 1064 1422 1096 1.
1459 1062 1562 1107 „Tua

145 1125 207 1158 illa
231 1125 414 1159 horridula
437 1125 521 1159 mihi
546 1128 653 1170 atque
678 1125 856 1171 incompta
880 1125 963 1158 visa
986 1125 1100 1169 sunt,”
1125 1124 1308 1159 offendere
1325 1126 1473 1160 amicum
1488 1137 1561 1161 non

144 1191 299 1234 poterat.
348 1189 460 1234 Atqui
485 1187 614 1223 Cicero
638 1187 778 1234 habuit,
818 1187 910 1233 quod
949 1188 1091 1222 nimiam
1115 1197 1215 1222 suam
1240 1189 1278 1223 in
1302 1189 1473 1224 mittendo
1498 1195 1561 1224 se-‘

145 1253 328 1288 dulitatem
353 1254 467 1289 Attici
502 1253 804 1300 postulationibus
838 1255 1042 1288 excusaret.
1090 1252 1181 1288 Eam
1218 1253 1311 1288 enim
1346 1254 1383 1288 in
1412 1253 1479 1289 hac
1503 1264 1560 1301 ep.

144 1329 219 1364 pra:
243 1318 378 1353 ceteris
401 1328 478 1363 prae
502 1328 543 1353 se
568 1318 639 1353 sert
662 1316 728 1364 ὃς.
755 1321 786 1352 1.
811 1321 844 1353 2.
869 1320 902 1353 3.
931 1320 985 1352 11.
1022 1318 1058 1352 in
1089 1328 1156 1363 quo
1182 1321 1344 1354 extremo
1368 1319 1447 1354 loco
1472 1319 1562 1367 haec⁷

145 1392 226 1427 quae
250 1380 517 1416 AURELIUM
532 1380 721 1427 sugerunt,
746 1381 866 1416 addita
884 1382 997 1416 verba
1018 1392 1120 1428 „cum
1133 1383 1381 1418 oratiunculis*
1405 1383 1560 1419 delenda

144 1448 270 1480 essent
292 1454 340 1479 ex
364 1445 470 1479 istius
495 1445 688 1478 sententia.

235 1527 332 1563 Sunt
364 1530 485 1564 autem
517 1529 589 1562 alia
623 1528 692 1563 duo
717 1529 753 1563 in
776 1528 833 1564 his
858 1530 1079 1576 emaciatis,
1114 1541 1192 1576 quae
1226 1530 1400 1566 Cicerone
1434 1534 1559 1565 censet

144 1591 297 1639 indigna
307 1592 325 1640 ς’
341 1602 458 1640 neque
481 1603 526 1628 ea
542 1594 741 1639 levissimi,
764 1598 804 1628 ut
818 1588 984 1640 videtur,
1007 1597 1184 1630 momenti.
1231 1596 1328 1630 Nam
1345 1596 1399 1630 sic
1415 1590 1558 1642 pergit:v

146 1666 289 1704 „neque
312 1657 475 1705 profecto
501 1658 730 1693 affectatione
755 1660 879 1693 carent
905 1657 1034 1694 Graeca
1067 1660 1104 1694 in
1127 1662 1198 1695 tam
1222 1660 1326 1695 brevi
1349 1660 1425 1696 loco
1451 1670 1558 1696 accu-

144 1723 307 1775 1nulata.’'
331 1747 376 1752 -
400 1723 577 1770 Equidem
600 1734 700 1771 saepe
724 1724 875 1759 miratus
899 1735 977 1759 sum
1002 1724 1223 1771 singularem
1245 1725 1283 1760 in
1306 1724 1374 1761 hoc
1394 1725 1483 1775 Viro
1499 1718 1557 1759 d‘d.

145 1785 335 1821 CIceronis
351 1787 632 1834 aemulationem,
658 1798 729 1833 qua
752 1788 814 1823 vel
839 1789 976 1823 invitus
1000 1788 1099 1823 soleo
1123 1791 1241 1835 poe'tae
1256 1790 1372 1825 nostri
1392 1788 1505 1824 verba
1524 1789 1556 1832 ⁴)

145 1849 348 1885 admoneri:
375 1860 457 1885 nam
480 1852 559 1898 ipse
584 1850 842 1887 AURELIUS
867 1853 960 1887 istuc
977 1852 1164 1888 Ciceronis
1185 1854 1222 1889 in
1246 1847 1409 1901 epistolis
1432 1861 1557 1900 graeca

181 2015 208 2051 ⁴)
228 2021 331 2047 schin.
356 2022 449 2048 wan.
467 2023 542 2056 Lag.
563 2022 664 2049 Auru,
682 2022 734 2051 m.
756 2022 823 2051 vv.
845 2022 891 2051 30.
911 2021 955 2051 312
