1722 2442
718 143 983 182 -23-

154 250 270 287 omnia
293 249 376 295 quia
398 247 489 283 Cato
514 245 677 282 laudibus
700 247 881 294 extulerat
914 246 951 280 in
974 245 1098 281 coelum
1121 246 1446 293 perscribendaque
1469 257 1556 283 cen-

152 316 294 359 suerat,
329 312 505 348 idcirco
541 311 584 345 in
607 312 706 356 ejus
729 310 1015 355 sententiam
1039 311 1112 352 est
1135 308 1258 345 facta
1280 310 1557 347 discessio.”

153 378 242 424 Quae
265 377 379 413 verba
402 375 434 410 si
456 375 601 422 integro
618 373 755 420 judicio
778 376 1030 422 perscrutatus
1046 374 1133 419 eris,
1153 373 1220 408 hoc
1236 374 1311 410 fere
1329 376 1558 423 perspicuum

152 443 320 478 habebis:
350 439 509 474 Atticum
539 438 585 474 de
608 438 787 474 nonnullis
810 440 848 473 in
871 439 977 473 Bruti
999 438 1089 473 libro
1115 437 1296 479 erroribus
1319 440 1535 483 quaesivisse
1549 451 1560 473 ε

152 506 302 540 Brutum
334 502 427 537 male
460 498 697 536 emendasse:
732 500 885 547 denique
911 500 1122 535 Ciceronem
1145 499 1181 534 id
1204 500 1437 546 potissumum
1459 504 1559 538 vitu-

153 577 302 615 perare,
341 565 434 612 quod
468 566 505 600 in
537 565 662 601 ordine
694 566 892 601 orationum
916 568 954 600 et
978 575 1053 600 suae
1078 567 1115 600 et
1139 564 1288 600 Catonis
1311 565 1559 602 constituendo

153 632 287 666 Brutus
311 631 466 676 turpiter
487 630 613 676 lapsus
639 630 711 678 sit3
744 631 850 665 etiam
866 640 968 678 aegre
985 630 1099 675 serre,
1124 629 1216 675 quod
1233 630 1444 665 relationem
1462 629 1561 666 Con-

153 695 241 730 sulis
264 693 440 739 laudarit,
464 703 533 728 nec
555 694 669 729 verbo
694 693 834 739 quidem
857 693 1096 739 indicaverit,
1119 690 1311 728 consulem
1325 693 1557 741 patefecisse,

152 758 437 794 cohortatum
460 767 585 801 esse,
603 755 867 802 judicasse,
891 757 1267 802 antequamssatonem
1280 755 1486 794 consuleret
1503 761 1561 810 ¹0)-

153 821 289 866 Quibus
311 821 472 868 profecto
497 820 621 855 verbis
646 823 684 855 et
708 820 917 855 relationem
940 819 1113 856 discernit
1149 821 1192 856 ab
1226 820 1489 866 cohortatione,
1524 826 1562 858 et

153 896 234 921 sen
247 885 370 920 tenti
383 894 449 919 am
469 893 518 919 se
540 872 721 919 dixisse
736 885 862 930 aperit.
888 884 1033 919 Etenim
1045 883 1080 919 id
1093 895 1200 918 unum
1213 884 1342 920 Cicero
1359 887 1395 920 in
1409 886 1564 932 epistola

152 960 287 996 magna
310 960 388 983 cum
412 949 604 984 ambitione
627 949 809 992 defendit,
848 960 919 984 non
957 950 1018 984 uni
1042 949 1171 984 Catoni
1204 959 1372 985 severam
1395 952 1567 996 conjura-

153 1016 268 1049 torum
289 1012 634 1048 animadversionem
658 1022 743 1048 esse
774 1012 1000 1049 tribuendam
1032 1012 1098 1048 sed
1122 1009 1188 1062 (ut
1211 1013 1339 1049 saltem
1362 1015 1568 1050 sententia-

154 1088 230 1111 rum
255 1077 341 1112 ordo
379 1080 436 1110 est
471 1077 635 1121 epistolae
659 1074 807 1123 citatae]
847 1080 950 1121 post
985 1076 1277 1111 Consulares
1312 1081 1349 1111 et
1384 1078 1565 1113 Consules

154 1140 371 1186 designatos
396 1147 439 1173 se
462 1138 683 1184 potissimum
719 1137 813 1172 idem
836 1139 1019 1182 suasisse,
1054 1137 1146 1173 idem
1175 1138 1441 1187 Judicasse,
1472 1140 1567 1187 quod

154 1203 297 1239 tandem
334 1202 457 1238 verbis
492 1202 802 1248 luculentioribus*
823 1205 861 1237 et
896 1203 1055 1249 pluribus
1087 1203 1211 1239 Cato.
1260 1202 1413 1239 sibimet
1451 1206 1567 1252 igitur

153 1269 224 1314 ipsi
262 1269 383 1302 orator
419 1265 513 1301 haud
549 1266 765 1302 mediocrem
800 1266 916 1302 laudis
951 1277 1030 1313 quae
1063 1266 1192 1303 Catoni
1227 1267 1402 1304 debeatur
1424 1271 1567 1316 partem

154 1331 332 1368 vindicat:
358 1329 450 1376 quod
474 1329 614 1376 quidem
638 1342 712 1366 non
727 1331 879 1376 liceret,
895 1331 967 1366 nisi
990 1332 1174 1366 sententia
1196 1333 1338 1379 prolata
1360 1328 1442 1379 ipse
1465 1345 1568 1369 suum

156 1405 294 1442 quoque
319 1396 532 1429 momentum
556 1393 760 1438 adjecisset.
809 1394 940 1439 Neque
964 1394 1042 1428 sola
1066 1394 1195 1429 relatio
1221 1395 1282 1429 vel
1304 1396 1460 1430 maxime
1482 1396 1569 1431 dili-

155 1470 252 1508 gens
276 1461 313 1493 et
337 1458 427 1505 reip.
452 1457 622 1493 salutaris
647 1453 710 1506 (in
733 1456 808 1491 Pis.
833 1458 866 1500 7,
889 1453 973 1505 14.)
1008 1457 1108 1509 tanti
1132 1459 1275 1504 poterat
1298 1459 1491 1505 aestimari,
1527 1464 1567 1495 ut

155 1526 290 1569 praeter
313 1525 387 1556 tam
408 1521 537 1556 multas
558 1524 591 1555 et
613 1523 687 1555 tam
709 1529 849 1566 graves
873 1520 1173 1566 gravissimorum
1190 1522 1348 1556 virorum
1364 1524 1569 1558 sententias

158 1597 205 1622 ex
230 1596 274 1622 ea
297 1585 451 1620 maxime
474 1583 649 1619 discessio
674 1583 771 1618 facta
794 1593 878 1619 esse
902 1582 1094 1620 diceretur.

247 1649 462 1685 Plutarchus
486 1649 617 1686 deinde
642 1646 744 1699 (vit.
771 1648 849 1684 Cic.v
864 1647 948 1699 21.)
973 1659 1034 1686 res
1057 1653 1188 1697 gestas
1212 1652 1262 1685 ita
1285 1654 1430 1687 narrat:
1461 1660 1569 1699 οὔσης

159 1715 193 1745 δὲ
226 1718 280 1753 τῆς
308 1716 434 1752 γνώμης
463 1717 648 1753 (καίσαρος)
677 1715 835 1749 ἐπιεικοῦς
861 1716 915 1743 καὶ
945 1717 1003 1743 τοῦ
1029 1717 1176 1751 λέγοντος
1210 1715 1308 1745 εἰπεῖν
1334 1717 1566 1746 δυνατωτάτου’

158 1769 261 1809 ῥοπὴν
281 1770 302 1798 0‘
320 1771 461 1808 Κικέρων
481 1770 682 1809 προσέθηκεν
713 1770 753 1798 οὐ
779 1770 906 1806 μικράν.
942 1768 1045 1803 Αὐτός
1070 1778 1101 1797 τε
1129 1768 1191 1808 γὰρ
1218 1769 1338 1806 ἀναςὰς
1369 1771 1569 1813 ἐνεχείρησεν,

200 1927 237 1966 ¹9)
256 1930 445 1964 Ambiguitas
460 1933 506 1957 est
519 1931 551 1957 in
565 1932 716 1964 tempore3
738 1930 771 1956 ut
787 1935 845 1956 nos
857 1928 1011 1963 loquimur
1019 1930 1186 1957 vernacula
1196 1949 1204 1965 ‚
1227 1931 1336 1964 aliquis
1350 1929 1461 1957 dixerit
1492 1936 1573 1965 „an—

175 1989 179 2014 f
250 1981 368 2014 tequam
390 1978 641 2015 (ποιιιῑιιιιιίιεθιιιᾞΓ
666 1978 746 2013 quod
767 1985 834 2007 cum
845 1978 925 2006 Pers.
938 1979 1004 2009 Iud.
1019 1975 1159 2013 junctum
1175 1979 1300 2007 latinum
1323 1985 1385 2007 non
1404 1980 1465 2008 eat.
