1722 2442
734 171 1003 207 -22-

165 276 357 322 cognovit,
395 277 593 310 convocato
617 277 747 309 senatu
770 275 912 318 retulit,
950 277 1094 321 „procul
1122 277 1227 312 dubio
1259 278 1441 324 cognitam
1462 282 1572 314 antea

165 339 315 382 fuisse“,
346 337 414 372 hoc
445 337 568 373 dicere
592 338 642 373 ita
665 349 837 373 summum
860 339 917 373 est
941 338 978 372 in
1002 339 1301 387 conjecturando,
1331 343 1369 376 ut
1397 339 1485 377 nihil
1512 343 1572 389 sit,

165 402 258 448 quod
280 401 344 436 tali
368 400 474 437 modo
498 413 572 438 non
592 402 737 449 probes.
784 401 904 446 Quare
930 402 1109 437 concedas
1132 412 1288 439 necesse
1315 408 1390 452 est,
1411 404 1571 442 Salustio

162 468 308 500 auctore
332 467 533 501 orationem
558 466 716 501 consulis
739 477 810 501 non
834 465 938 502 modo
966 476 1038 500 non
1058 465 1220 510 excludi,
1253 476 1379 503 verum
1403 470 1435 503 si
1460 469 1572 504 verba

158 529 386 574 gravissumi
409 530 596 575 scriptoris
619 532 838 575 urgeantur,
862 530 971 563 etiam
990 538 1101 575 posse
1126 531 1343 575 exspectari.
1392 531 1469 567 Sed
1485 533 1573 568 hacc

159 595 321 641 pessima
352 597 408 629 est
436 593 669 629 AHRENSI
694 595 867 641 sumptio,
908 593 1001 640 quod
1033 597 1068 629 et
1103 593 1299 630 dissentire
1329 593 1525 632 Salustium
1553 608 1574 631 a

160 658 337 693 Cicerone
354 660 391 691 et
408 656 683 691 dissentientem
703 656 916 704 diligentius
935 658 1131 703 veriusque
1158 668 1308 693 narrare
1328 658 1411 693 inde
1433 668 1455 692 a
1472 661 1574 705 prin-

161 725 253 770 cipio
277 722 587 757 commentationis
607 731 696 756 suae
721 722 866 766 statuit,
891 724 999 767 atque
1026 723 1076 756 ita
1097 732 1208 757 causa
1231 722 1308 757 sere
1329 722 1574 769 praejudicata

161 797 238 820 eam
273 796 393 820 rerum
427 788 616 832 gestarum
658 785 937 830 explicationem
975 796 1040 830 pro
1082 784 1310 820 fundamento
1351 787 1573 832 quaestionis

160 850 298 896 posuit,
328 858 399 894 qua
428 847 691 883 Ciceronianae
717 848 890 883 orationis
924 848 985 884 illo
1016 848 1074 884 die
1102 848 1247 884 habitae
1275 850 1479 884 testimonia
1503 860 1573 885 non

161 916 312 959 possent
336 924 408 947 non
433 912 642 959 praeveniri
665 915 772 958 atque
797 913 995 958 praeverti.
1052 913 1133 948 Hac
1157 914 1271 959 igitur
1299 916 1378 948 arte
1402 917 1439 948 et
1465 913 1574 949 Cice-

160 989 285 1014 ronem
310 978 459 1024 ablegat
490 980 527 1011 et
551 976 804 1024 Plutarchum3
837 976 1012 1022 deinceps
1038 977 1154 1011 obiter
1183 980 1219 1012 et
1247 977 1401 1012 Dionem
1431 980 1467 1011 et
1493 978 1575 1023 Ap-

160 1044 326 1092 pianum,
352 1043 411 1090 qui
430 1045 550 1078 tamen
567 1052 692 1077 omnes
714 1040 871 1077 habitam
891 1051 913 1076 a
938 1040 1101 1077 Consule
1125 1043 1323 1079 orationem
1339 1045 1429 1080 satis
1448 1047 1575 1090 aperte

160 1109 327 1156 produnt.
1379 1111 1382 1117 “

251 1172 419 1207 Alterum
443 1171 537 1205 enim
563 1169 750 1204 Ciceronis
774 1170 1016 1204 testimonium
1035 1168 1100 1204 hoc
1126 1172 1182 1204 est
1207 1168 1252 1204 ad
1269 1170 1347 1204 Att.
1365 1169 1450 1215 XII,
1463 1171 1519 1204 21.
1540 1171 1575 1203 1:

162 1238 283 1284 „Legi
308 1236 413 1270 Bruti
437 1235 627 1281 epistolam
653 1244 802 1279 eamque
826 1234 889 1268 tibi
914 1235 1055 1278 remisi,
1085 1244 1174 1268 sane
1198 1245 1270 1269 non
1295 1234 1491 1280 prudenter
1514 1243 1576 1268 re-

160 1302 330 1348 scriptam
355 1299 401 1334 ad
426 1309 490 1345 ea,
514 1308 593 1344 quae
619 1297 851 1344 requisieras.
898 1296 974 1332 Sed
992 1297 1071 1344 ipse
1088 1296 1475 1343 viderit:»qua1nquam
1491 1297 1576 1332 illud

162 1366 316 1411 turpiter
350 1364 508 1410 ignorat.
557 1360 731 1395 Catonem
764 1361 913 1406 primum
949 1362 1165 1395 sententiam
1201 1364 1303 1407 putat
1336 1361 1382 1396 de
1414 1361 1578 1396 animad-

160 1429 333 1464 versione
368 1426 510 1460 dixisse
546 1434 674 1470 quam
711 1433 867 1459 omnes
899 1427 1009 1458 ante
1032 1424 1255 1459 dixerant
1278 1427 1453 1471 praeter
1477 1424 1575 1460 Cae-

161 1502 330 1539 sarem,
365 1493 403 1525 et
427 1500 533 1535 quum
556 1489 671 1534 ipsius
696 1487 856 1523 Caesaris
880 1490 953 1522 tam
977 1498 1111 1523 severa
1134 1488 1263 1534 fuerit,
1297 1489 1355 1534 qui
1379 1491 1453 1523 tum
1476 1499 1575 1535 prae-

162 1557 253 1591 torio
276 1556 355 1590 loco
380 1552 540 1595 dixerit,
575 1550 815 1585 consularium
845 1553 948 1596 putat
977 1551 1135 1585 leniores
1158 1551 1291 1595 fuisse,
1315 1551 1456 1596 Catuli,
1480 1550 1575 1587 Ser-

162 1620 242 1655 vilii
256 1644 266 1664 ,
303 1616 558 1659 Lucullorum,
598 1611 764 1647 Curionis
778 1638 788 1658 ,
828 1613 1022 1659 Torquati,
1061 1614 1208 1660 Lepidi,
1244 1613 1376 1660 Gellii,
1408 1614 1574 1659 Volcatii,

160 1682 304 1731 Figuli,
330 1680 467 1724 Cottae,
491 1678 536 1714 L.
554 1676 713 1719 Caesaris
727 1702 737 1721 ,
762 1676 803 1711 C.
817 1676 964 1712 Pisonis
977 1702 987 1720 ,
1010 1677 1118 1712 etiam
1133 1677 1183 1712 M.
1198 1677 1421 1723 Glabrionis,
1445 1677 1574 1722 Silani,

160 1748 354 1789 Muroenae,
393 1743 669 1789 designatorum
693 1741 888 1776 consulum.
937 1740 1028 1776 Cur
1060 1751 1178 1789 ergo
1212 1742 1257 1776 in
1289 1743 1575 1777 sententiam

161 1803 396 1847 Catonis?
459 1805 577 1850 Quia
617 1806 789 1842 verbis
824 1805 1238 1841 luculentioribus
1274 1810 1322 1842 et
1356 1807 1574 1854 pluribus

161 1885 257 1910 rem
289 1871 484 1909 eandem
520 1871 955 1917 comprehenderat.
1001 1869 1062 1905 Me
1086 1874 1205 1907 autem
1226 1871 1372 1914 laudat,
1396 1870 1488 1916 quod
1511 1880 1574 1905 re-

161 1938 325 1981 tulerim,
347 1946 419 1971 non
434 1933 552 1981 quod
567 1934 892 1981 patefecerim,
917 1933 1032 1980 quod
1047 1934 1323 1971 cohortatus
1340 1934 1436 1981 sim,
1461 1932 1573 1981 quod

162 2001 358 2047 denique
383 2001 627 2045 antequam
656 1998 950 2034 consulerem
985 1998 1084 2044 ipse
1114 1999 1435 2045 judicaverim.
1484 1996 1572 2041 Quae
