1722 2442
702 161 970 203 —15-

139 272 358 310 immiscendi
382 271 535 309 studium
558 271 609 305 ita
630 270 667 305 in
688 270 828 307 deliciis
850 270 985 307 hahere
1010 270 1172 316 videtur,
1206 275 1246 308 ut
1267 278 1315 309 ne
1338 272 1538 320 reprehen-

139 339 226 375 dere
250 337 391 386 quidem
413 336 481 371 hoc
502 333 594 370 forte
616 335 760 370 nimium
781 334 971 383 singulare
994 335 1134 382 possit,
1158 335 1227 372 nisi
1240 337 1400 374 immixto
1412 346 1538 385 graeco

140 402 331 451 proverbio
353 402 397 446 ς).
443 399 598 435 Haesitat
619 400 726 434 etiam
746 400 794 435 VV.
819 398 863 435 C.
886 398 1175 446 inPhilippicis:
1200 399 1315 444 „Tota
1338 402 1456 448 enim,
1479 402 1540 437 in-

138 468 234 514 quit,
253 466 325 499 ista
347 464 563 511 comparatio
586 466 747 509 tempore
768 464 859 508 illo,
874 474 943 510 quo
965 463 1102 510 scripta
1121 462 1308 510 finguntur
1321 465 1434 502 verba
1453 464 1543 502 mihi

140 531 328 576 suspecta,
352 529 416 564 vix
428 528 614 570 Ciceroni,
638 526 803 562 facillime
819 538 908 564 vero
934 528 968 563 ei
990 528 1029 563 in
1045 530 1202 563 mentem
1222 529 1350 563 venire
1361 533 1542 575 poterant⁷

139 595 198 641 qui
221 596 258 629 et
280 593 535 630 Demosthenis
559 596 596 628 et
611 591 798 629 Ciceronis
820 592 1042 640 Philippicas
1064 596 1192 630 nosset
1213 595 1252 629 in
1275 603 1392 639 eoque
1417 593 1540 628 elabo-

139 658 286 694 randum
310 661 470 704 putaret,
506 660 544 691 ut
576 667 664 692 una
697 667 773 692 cum
794 658 982 693 Ciceronis
1003 657 1213 705 Philippicis
1248 658 1403 693 alterum
1436 658 1541 692 etiam

140 723 389 759 Consularium
408 734 501 768 σῶμα
527 724 711 765 exstaret,
744 722 988 767 utriusque
1012 722 1166 757 oratoris
1187 721 1397 768 Philippicis
1429 722 1543 766 aequi-

138 786 353 834 parandum,
388 784 481 831 quod
504 784 644 831 quidem
677 787 755 831 ipse
792 795 839 820 ex
871 786 973 820 veris
1004 788 1047 820 et
1077 785 1219 820 falsis
1242 784 1369 821 callide
1395 796 1542 831 compo-

140 852 292 891 suerat.''
338 851 472 884 Fateor
505 859 562 883 me
596 849 830 884 vehementer
861 852 1069 884 commotum
1099 850 1229 896 fuisse,
1265 860 1343 884 cum
1381 851 1418 883 in
1449 849 1542 883 hanc

139 915 231 951 sorte
254 913 601 961 argumentationem
625 923 680 948 me
703 914 896 949 incurrisse
920 913 1102 959 viderem,
1126 923 1196 959 qua
1220 924 1291 961 ego
1316 914 1368 948 uti
1391 914 1541 948 inverso

141 979 265 1015 ordine
297 978 466 1025 perlectis
497 978 620 1024 primis
650 978 766 1012 literis
804 980 923 1013 mente
959 979 1218 1024 concepissem.
1264 978 1359 1013 Nam
1395 976 1468 1023 hic,
1504 980 1543 1011 ut

140 1053 230 1079 vere
271 1042 404 1086 dicam,
447 1041 638 1077 AURELI
679 1041 803 1077 modus
851 1045 908 1076 est
951 1042 1207 1078 ratiocinandi:
1253 1042 1314 1078 Ex
1349 1052 1410 1087 eo,
1451 1041 1543 1087 quod

140 1108 249 1142 etiam
274 1092 460 1140 Ciceronis
494 1106 598 1138 erant
635 1105 819 1139 orationes
842 1105 1066 1151 philippicae,
1102 1116 1180 1151 quae
1213 1106 1258 1140 ad
1289 1105 1544 1140 Demosthenis

140 1169 411 1216 philippicarum
447 1166 713 1202 similitudinem
749 1169 912 1213 proxime
943 1168 1177 1214 accederent,
1216 1171 1443 1204 consecutum
1474 1170 1542 1212 est,

140 1236 179 1269 ut
200 1231 400 1281 hujusmodi
422 1241 554 1278 corpus
577 1232 775 1267 orationum
799 1242 847 1268 ex
871 1233 971 1268 veris
1000 1235 1038 1268 et
1060 1232 1162 1269 falsis
1184 1234 1332 1269 mixtum
1356 1231 1543 1268 Ciceronis

140 1298 280 1333 nomine
303 1299 578 1344 supponeretur.
608 1296 695 1341 ,Qui
718 1308 806 1333 vero
831 1297 952 1333 hercle
976 1298 1107 1334 homini
1130 1298 1364 1342 scholastico,
1389 1298 1448 1344 qui
1463 1297 1542 1332 De-

140 1359 336 1399 mosthenis
359 1360 578 1397 orationibus
600 1360 821 1407 Philippicas
845 1361 1031 1397 Ciceronis
1065 1362 1126 1397 vel
1156 1363 1299 1398 numine
1326 1363 1403 1407 jam
1432 1361 1545 1406 sequi-

140 1429 287 1474 paratas
310 1427 454 1470 nosset,
490 1425 550 1469 qui
584 1434 704 1469 quaeso
729 1425 766 1459 in
789 1427 943 1459 mentem
968 1426 1094 1460 venire
1117 1428 1282 1471 poterat,
1319 1428 1357 1459 ut
1391 1425 1543 1460 alterum

140 1501 271 1537 corpus
296 1489 493 1525 orationum
514 1488 622 1535 plane
645 1487 847 1532 diversum,
871 1498 961 1535 opus
985 1488 1087 1534 quasi
1109 1488 1272 1523 aemulum
1294 1487 1431 1534 aemuli,
1454 1498 1542 1524 con-

142 1553 392 1590 sarcinandum
427 1548 602 1601 putaret?
648 1553 784 1588 Contra
819 1553 981 1588 omnibns
1016 1554 1143 1600 opinor
1176 1553 1283 1600 plane
1315 1553 1543 1600 perspicuum

142 1620 223 1664 est,
253 1627 298 1653 ea
321 1619 448 1663 aetate,
483 1626 552 1664 qua
575 1616 690 1652 verba
711 1616 784 1651 ista
807 1616 972 1664 epistolae
995 1614 1217 1653 AURELIO
1241 1618 1382 1653 tentata
1404 1616 1542 1653 scrihe-

142 1683 288 1726 bantur,
312 1681 499 1718 Ciceronis
514 1680 733 1730 Philippicas
749 1681 938 1731 exstitisse
952 1681 1082 1718 nullas.
1128 1681 1274 1730 Scripta
1296 1682 1409 1730 igitur
1428 1681 1542 1718 verba

142 1758 229 1782 esse
251 1743 324 1782 non
344 1749 499 1793 possunt
520 1746 591 1781 nisi
613 1747 764 1782 vivente
788 1745 974 1781 Cicerone.
1021 1746 1157 1790 Quodsi
1189 1747 1240 1782 ita
1274 1750 1353 1793 est,
1388 1747 1433 1782 ab
1463 1746 1542 1793 ipso

142 1809 319 1846 Cicerone
341 1809 494 1855 scripta,
524 1810 614 1844 satis
636 1812 797 1856 apparet.

181 1995 209 2027 ⁵)
228 1997 276 2035 Τῇ
290 1997 374 2033 χειρὶ
393 1995 459 2025 ἔδει
472 1997 546 2028 (sic)
566 1996 716 2033 σπείρειν,
734 1993 813 2023 ἀλλὰ
830 1993 877 2029 μὴ
896 1992 960 2032 ὅλῳ
979 1995 1021 2031 τῷ
1039 1994 1174 2030 Qvi-<imp
