1722 2442
736 141 1001 181 —18—

166 258 286 296 neque
310 248 514 293 Asconius,
550 247 609 293 qui
639 246 789 293 primam
821 246 943 281 laudat
974 247 1019 281 ad
1044 248 1248 283 Pisonianae
1272 258 1302 283 c.
1327 250 1367 292 2,
1390 250 1423 283 3.
1448 250 1570 296 plures

165 300 324 360 eJusdem
347 311 502 347 nominis
526 314 705 360 noverat3
742 321 808 346 nec
833 310 1117 356 Quinctilianus,
1143 313 1202 357 qui
1225 322 1272 347 ex
1296 312 1458 347 omnibus
1481 324 1570 358 qua-

163 382 246 412 tuor
269 375 491 410 orationibus
516 385 615 421 saepe
638 375 752 409 verba
767 374 899 416 refert,
923 374 1048 419 plures
1064 383 1135 407 una
1154 376 1201 409 in
1225 375 1468 410 Catilinam
1491 387 1569 422 quae

162 440 276 487 prima
299 441 358 474 est
391 436 509 487 [Inst.
535 438 630 484 XII⁷
655 440 718 484 10,
741 434 825 487 60.)
859 447 903 473 eo
937 437 1079 472 nomine
1110 437 1305 484 inscriptas
1338 439 1481 475 indicat.
1528 440 1570 475 In

162 513 232 548 qua
266 513 308 538 re
333 501 633 538 AHRENSIUS
658 501 894 537 vehementer
917 504 1014 536 errat
1045 511 1131 547 pag.
1155 503 1211 537 96.
1236 513 1314 547 sqq.
1362 505 1474 549 Atqui
1507 514 1570 538 co-

138 565 264 601 ·dices
286 566 542 613 vetustissimi,
578 565 650 600 illis
673 564 878 601 auctoribus
902 564 1013 612 longe
1036 563 1246 610 inferiores,
1280 567 1364 612 post
1387 566 1570 615 interpre-
1607 599 1609 602 ,

161 634 235 665 tem
269 630 535 676 gronovianum
564 631 594 672 ⁷)
631 630 734 674 primi
768 639 899 673 corpus
935 628 1223 663 Catilinariarum
1258 628 1432 674 quoddam
1468 632 1570 666 nobis

162 692 349 737 obferunt,
383 690 476 738 quod
502 690 711 734 „Ciceronis
735 691 789 725 IV
813 691 1076 726 invectivarum
1105 691 1186 726 libri
1209 692 1245 726 in
1271 691 1487 727 Catilinam“
1512 694 1570 729 in-

160 757 329 792 scribitur
355 754 397 800 3).
445 756 574 802 Itaque
599 755 677 790 haec
701 759 759 790 est
783 757 933 791 serioris
958 758 1029 792 aevi
1053 756 1216 792 collectio
1231 782 1241 802 9
1265 762 1350 792 nata
1374 767 1422 791 ex
1439 767 1483 792 eo
1501 768 1568 804 quo

159 817 392 855 Grammatici
416 829 515 855 more
540 819 707 855 solebant
732 821 915 856 orationes
939 821 1029 856 istas
1052 821 1165 856 citare
1195 822 1243 866 ⁹),
1279 823 1386 868 atque
1409 820 1477 857 hoc
1501 833 1570 857 no-

159 885 254 920 mine
277 884 470 931 insignita,
505 883 600 930 quod
624 884 761 931 antiqui
785 884 836 919 illi
860 884 1028 920 rhetores
1052 895 1098 920 ne
1123 884 1229 920 fando
1253 884 1394 931 quidem
1417 885 1570 921 audive-

158 951 251 982 rant.
299 948 408 982 Verae
432 950 550 982 autem
568 947 755 983 Ciceronis
780 950 983 993 orationes,
1005 949 1086 983 sive
1110 958 1204 983 nunc
1228 951 1375 984 exstant
1398 950 1479 984 sive
1503 960 1571 996 pe—

156 1012 319 1058 rierunt,
355 1021 461 1058 quum
494 1021 540 1046 ne
575 1015 702 1047 essent
726 1011 867 1057 quidem
891 1022 1016 1047 omnes
1039 1013 1076 1047 in
1102 1011 1292 1047 Catilinam
1315 1012 1446 1047 habitae
1460 1038 1470 1056 ⁷
1505 1024 1570 1048 sua

157 1085 306 1121 quaeque
327 1074 401 1110 sata
424 1077 560 1110 secutae
583 1075 721 1121 absque
744 1076 919 1111 communi
937 1075 1038 1109 titulo
1063 1076 1185 1120 priora
1206 1075 1340 1109 saecula
1355 1077 1568 1121 pervasisse

157 1138 339 1173 videntur.
387 1137 466 1181 Quo
499 1139 620 1184 magis
652 1138 822 1173 credibile
846 1141 924 1183 est⁷
959 1138 1019 1172 illa
1050 1140 1157 1172 aetate
1188 1137 1233 1172 ab
1264 1137 1321 1172 his
1351 1139 1569 1173 orationibus

155 1200 452 1248 conglutinandis
487 1211 592 1237 omne
624 1201 811 1237 consilium
843 1202 954 1249 longe
990 1201 1161 1236 abfuisse.
1218 1200 1353 1245 Quodsi
1384 1201 1569 1237 consilium

154 1276 228 1301 non
253 1266 414 1309 exstitit,
438 1275 549 1300 causa
574 1275 737 1310 quoque⁷
758 1275 838 1311 quae
862 1268 1028 1300 moveret
1052 1265 1250 1311 quempiam
1275 1264 1319 1299 ad
1344 1265 1568 1311 interpolan-

154 1329 236 1364 dam
259 1327 451 1374 epistolam
464 1353 474 1371 ‚
497 1327 597 1362 nulla
615 1327 693 1362 suit.

224 1392 445 1438 Quamquam
467 1394 508 1426 ut
525 1392 625 1436 justa
647 1390 765 1426 videri
796 1392 913 1437 possit
936 1390 1129 1426 AURELI
1151 1393 1378 1436 conjectura,
1411 1401 1565 1427 necesse

118 1448 123 1454 ⁴
153 1458 231 1504 est,
263 1465 369 1502 quam
398 1454 563 1502 proxime
593 1454 689 1489 absit
721 1464 743 1489 a
767 1453 955 1490 Ciceronis
981 1456 1089 1489 aetate
1114 1464 1191 1489 cum
1217 1453 1380 1501 epistolae
1403 1454 1566 1491 adulter-

153 1521 248 1567 atio,
282 1523 356 1555 tum
387 1519 573 1555 fabricatio
597 1519 807 1555 orationum.
855 1520 1020 1554 Alteram
1057 1519 1150 1557 enim
1182 1518 1227 1553 ab
1263 1518 1378 1553 altera
1411 1518 1566 1554 discerni

191 1653 216 1685 7)
246 1652 347 1681 Cicer.
385 1653 548 1681 Scholiast.
583 1654 628 1678 ed.
658 1652 752 1679 orell.
782 1655 811 1678 et
838 1653 913 1678 Bait.
943 1653 987 1685 11,
1020 1659 1047 1684 p.
1073 1649 1135 1679 410.
1190 1654 1314 1686 Argum.
1342 1652 1441 1679 1Vtae:
1480 1654 1564 1689 „Hie

241 1702 357 1728 liber.
367 1699 383 1714 ‘²

190 1765 217 1797 Β)
245 1765 319 1793 Cod.
334 1766 481 1799 TegernS.
502 1765 533 1790 et
550 1764 810 1798 salisburgensis,
831 1765 958 1798 uterque
976 1770 1047 1793 saec.
1068 1765 1101 1791 X.
1121 1765 1171 1791 vel
1190 1765 1238 1791 XI.
1276 1766 1374 1800 „1ste‚
1400 1767 1443 1792 ait
1461 1765 1563 1792 Stein—

240 1816 322 1842 metz
341 1814 427 1847 proef.
448 1822 475 1846 p.
494 1814 551 1847 V.‚
580 1815 612 1840 iu
639 1814 789 1840 Tullianis
815 1815 948 1841 omnium
974 1815 1023 1847 qui
1051 1814 1147 1841 adhuc
1167 1816 1286 1841 excussi
1307 1816 1377 1842 sunt
1396 1814 1486 1842 facile
1506 1822 1562 1848 op-

241 1862 363 1891 timus.“

161 1932 163 1934 ·
189 1928 215 1960 ⁹)
242 1928 380 1955 Diomed.
399 1929 431 1962 1,
450 1928 515 1956 318.
552 1928 699 1955 Priscian.
710 1928 781 1955 XVI
789 1947 801 1963 ‚.
819 1929 899 1959 1023.
940 1928 1010 1956 Vox
1029 1929 1130 1956 autem
1151 1928 1320 1956 invectivae
1339 1929 1409 1955 ante
1428 1928 1561 1955 Ammia-

242 1984 313 2006 num
331 1977 471 2009 Marcell.
491 1983 639 2012 nusquam
658 1978 802 2006 occurrit.
