1722 2442
720 165 984 205 —11—

156 273 258 310 modo
278 274 478 317 nominavi,
502 282 573 306 non
592 271 705 306 50111111
725 273 856 319 spuriae
883 270 949 306 sed
965 271 1099 306 fictitiae
1115 274 1278 317 sunt3'et
1289 271 1556 320 Ciceroplures

156 350 226 375 una
249 340 286 374 in
311 338 501 374 Catilinam
525 336 705 371 orationes
728 347 799 372 non
817 336 925 371 dixit.
971 335 1030 370 lta·
1052 334 1329 383 AURELIUS3
1353 340 1391 374 et
1412 336 1450 374 id
1474 338 1555 385 qui-

155 403 235 438 dem
259 404 374 437 acute.
421 399 515 434 Nam
550 401 606 446 „si
637 399 762 444 fidem,
797 401 929 446 inquit,
963 399 1149 434 tribuimus
1182 401 1382 438 testimonio
1420 402 1474 438 illi
1506 402 1556 438 ad

155 468 331 508 Atticum,
357 468 417 499 aut
441 475 564 500 omnes
588 467 737 510 quatuor
759 466 829 510 ipsi
852 464 1020 499 Ciceroni
1033 462 1240 499 ’tribuendae
1262 468 1369 510 sunt,
1389 468 1472 513 aut,
1493 467 1555 513 qui

155 534 231 563 tres
256 528 289 562 ei
313 527 511 573 abjudicat,
544 537 587 563 eo
611 526 809 573 confugere
833 525 977 561 habebit
999 536 1152 562 necesse
1166 552 1177 570 ‚
1211 529 1250 562 ut
1272 531 1345 562 eas·
1360 538 1438 573 qur,
1459 540 1553 564 nunc

156 594 303 628 exstant
322 601 344 625 a
358 590 503 627 rhetore
519 591 700 626 confectas
718 600 812 634 esse,
836 600 947 626 veras
958 591 1129 626 interisse
1139 590 1266 626 dicat.”
1312 590 1394 626 Hoc
1403 590 1554 627 aiterum

154 656 232 689 fieri
255 656 416 700 potuisse
448 664 493 688 63
515 656 639 698 aetate,
675 664 744 699 qua
774 664 852 688 cum
882 655 1035 689 maxime
1069 655 1238 690 florerent
1268 655 1385 691 literae
1420 655 1554 699 latium,

153 721 250 754 totus
273 721 398 765 negat.
447 716 540 761 Quid
563 727 652 753 vero
678 712 837 752 Cicero?
881 716 1026 753 Nodum
1047 717 1140 753 hunc
1162 717 1230 752 Vir
1252 717 1483 754 doctissimus
1505 719 1557 753 ita

152 783 342 828 dissecuit⁷
375 785 415 817 ut
440 781 650 817 Ciceronem
682 782 718 816 in
751 792 817 817 sua
847 782 963 828 ipsum
995 792 1106 818 causa
1138 792 1289 828 prorsus
1310 783 1555 819 intestabilem

151 847 296 893 fecerit,
321 849 358 881 et
381 847 495 881 locum
519 855 628 892 supra
652 845 867 893 descriptum
891 856 1030 882 omnem
1053 846 1265 882 inculcatum
1280 852 1365 883 esse
1381 846 1554 883 declaret.

150 912 193 945 In
217 921 284 956 quo
309 911 379 944 tria
402 913 503 956 sunt,
528 920 607 956 quae
630 911 782 944 animum
805 909 1000 955 advertas,
1026 920 1106 955 quae
1126 919 1199 956 ego
1223 910 1374 946 subinde
1394 910 1555 957 diligen-

151 975 222 1008 tius
247 973 469 1008 examinabo.
516 974 610 1008 Nam
632 974 782 1019 primum
805 976 919 1020 negat
943 973 1131 1008 Ciceronis
1163 983 1248 1008 esse
1278 973 1365 1008 illud
1388 975 1555 1011 testimo-

150 1039 266 1073 nium:
305 1037 434 1072 deinde
468 1037 720 1084 interpolatam
754 1037 905 1073 affirmat
940 1037 1128 1073 Ciceronis
1162 1037 1351 1084 epistolam
1389 1038 1434 1074 ab
1473 1039 1554 1085 ipso
1598 1053 1601 1058 ·

150 1103 272 1137 nescio
297 1111 365 1145 quo
388 1100 559 1135 falsarum
583 1102 780 1136 orationum
803 1104 969 1147 auctore,
1004 1111 1072 1147 quo
1102 1102 1221 1147 magis
1244 1101 1301 1136 hic
1323 1102 1413 1136 fetui
1435 1103 1555 1148 inqui-

150 1165 222 1200 lino
246 1164 351 1199 fidem
374 1163 468 1210 apud
492 1164 649 1210 aequales
673 1175 760 1199 suos
783 1163 937 1213 faceret3
962 1167 1129 1211 quantum
1145 1164 1300 1210 denique
1318 1165 1363 1201 ad
1379 1169 1552 1212 quartam,

150 1229 195 1264 de
220 1239 290 1275 qua
313 1239 431 1264 sermo
454 1228 512 1263 1116
536 1228 614 1264 5013
637 1228 717 1274 fiet⁷
740 1231 855 1277 negat
877 1229 939 1265 illo
963 1229 1021 1264 die
1045 1229 1201 1266 habitam
1224 1240 1246 1265 a
1269 1229 1444 1265 Cicerone
1467 1240 1554 1265 esse

150 1292 349 1338 hujusmodi
373 1293 581 1327 orationem.
631 1293 857 1338 Argumenta
880 1295 998 1327 autem
1021 1294 1145 1339 primae
1169 1295 1360 1328 sententiae
1382 1293 1460 1329 sere
1476 1293 1556 1329 haec

151 1360 244 1392 sunt.
293 1355 461 1391 Ceterum
487 1365 607 1402 operae
629 1357 784 1401 pretium
809 1359 867 1391 est
889 1357 1006 1403 ipsum
1030 1356 1174 1405 audire3
1199 1357 1253 1392 sic
1276 1357 1371 1393 enim
1390 1356 1459 1393 Vir
1477 1356 1555 1394 Cel.

150 1423 309 1467 ingenue
333 1420 489 1454 fatetur:
536 1419 660 1465 „Vere
684 1421 802 1453 autem
825 1418 946 1453 dicere
968 1430 1137 1464 possum,
1160 1430 1217 1454 me
1239 1430 1283 1455 eo
1290 1422 1368 1465 jam
1381 1424 1553 1467 tempore,

152 1494 231 1531 quo‘
242 1483 397 1519 nondum
420 1484 510 1518 satis
533 1484 725 1529 perspecto
743 1485 818 1518 toto
834 1483 941 1518 trium
954 1481 1241 1518 Catilinariarum
1256 1482 1398 1518 dicendi
1412 1494 1553 1531 genere

150 1549 327 1584 Wolfium
348 1551 485 1583 tantum
508 1548 614 1582 animi
645 1557 774 1591 causa,
808 1547 870 1582 vel
904 1549 944 1581 ut
978 1546 1133 1581 credulis
1163 1546 1348 1593 discipulis
1374 1548 1557 1594 illuderet,

151 1612 276 1648 velut
298 1613 403 1648 unius
427 1611 627 1646 alteriusve
652 1611 890 1658 sagacitatem
910 1610 1192 1656 periclitaretur,
1226 1610 1376 1646 alteram
1407 1621 1455 1647 ex
1477 1622 1554 1647 me-

152 1675 220 1712 diis
235 1676 375 1712 duabus
388 1677 425 1711 in
436 1686 563 1721 „osdag
587 1675 829 1722 suspicionem
843 1673 1042 1710 adduxisse
1058 1674 1164 1709 rebar
1180 1674 1210 1718 ³)
1222 1699 1232 1719 7
1255 1675 1388 1721 saepius
1403 1675 1554 1711 haesisse

187 1828 213 1860 ³)
231 1821 357 1857 Dixerat
369 1831 447 1856 enim
456 1830 514 1856 Vir
527 1829 592 1857 Cel.
605 1830 669 1856 alio
682 1829 753 1856 loco
764 1848 772 1861 ‚
791 1828 841 1854 ubi
853 1826 1014 1854 VVolfianae
1030 1828 1213 1859 suspicionis
1226 1821 1406 1854 mentionem
1424 1829 1551 1855 fecerat:

242 1880 419 1913 „subridens
440 1880 539 1906 virum
567 1885 713 1905 summum
743 1878 786 1904 ita
806 1874 909 1911 jocari
930 1875 1123 1902 vehementer
1149 1876 1271 1903 laetatus
1292 1875 1388 1904 sum.”
1421 1877 1554 1904 Wolfius

242 1929 358 1963 tamen,
376 1930 404 1955 51
424 1929 495 1955 vitae
515 1925 582 1962 ejus
602 1929 747 1961 scriptori
769 1927 891 1960 credas,
917 1926 1025 1959 postea
1051 1927 1171 1953 tertiam
1192 1927 1304 1953 11156116
1313 1927 1448 1961 notavit,
1467 1934 1553 1961 quam

242 1979 375 2011 spuriam
404 1979 540 2013 haberet,
571 1980 608 2004 de
633 1985 692 2012 qua
720 1978 829 2010 saepius
854 1977 886 2003 111
908 1977 986 2003 1111116
1008 1977 1129 2003 modum
1151 1976 1301 2003 fabulatus
1328 1982 1397 2003 6556
1427 1978 1554 2011 dicitur,

243 2029 348 2063 „Noch
369 2036 406 2056 an
427 2030 511 2057 einer
527 2028 610 2056 hatte
629 2029 679 2055 ich
701 2028 751 2054 dic
763 2026 940 2054 Unachtheit
957 2027 1066 2060 zeigen
1083 2025 1206 2060 m6gen;
1233 2025 1389 2052 vielleicht
1402 2026 1476 2054 habe
1496 2027 1555 2061 1011,
